5582 7752
1110 850 1372 930 ..13-

486 1039 543 1118 ld
569 1039 665 1118 alios
694 1035 828 1118 deinde
847 1035 984 1132 Lucos,
1014 1039 1116 1118 cirea
1143 1037 1276 1116 littora
1301 1035 1418 1116 maris
1446 1034 1568 1114 minus
1597 1012 1827 1140 bequentes,
1859 1028 2050 1112 referendi

435 1201 477 1280 L.
509 1198 733 1306 trr'doctylus
762 1197 833 1294 L.,
864 1197 1082 1304 (torquatus
1110 1195 1260 1302 Part),
1299 1196 1535 1302 {obliquitas
1562 1193 1664 1274 Poll.
1678 1225 1695 1290 ,·
1731 1192 1951 1274 rr'dr'buodur
1979 1191 2049 1288 L.,

433 1359 587 1464 plaucos
615 1355 786 1452 bruna,
815 1354 984 1434 mom'nus
1012 1353 1081 1449 L.,
1110 1351 1264 1432 uucor'us
1290 1351 1335 1432 L.

487 1519 519 1600 Ε
547 1490 917 1601 Lamallosodcrttota's
948 1515 1101 1623 Cyprius
1119 1515 1250 1623 qibbur
1268 1515 1371 1622 May.
1395 1513 1518 1620 (Artos
1537 1539 1675 1622 cyprius
1694 1515 1737 1594 L.
1735 1515 1761 1621 J
1788 1514 2053 1596 emeridionu·

436 1675 534 1756 libus
571 1677 618 1758 ud
645 1675 879 1756 occidentem
907 1672 1021 1752 maris
1049 1671 1170 1776 caspii
1197 1669 1363 1750 advolat.
1393 1667 1564 1748 'Anseres
1589 1693 1682 1751 vero
1709 1678 1750 1751 et
1776 1669 1939 1766 Anulus,
1968 1668 2053 1749 aliis

437 1831 517 1916 iere
554 1831 725 1912 omnibus
762 1829 906 1910 Avibus
943 1816 1246 1936 frequentiores,
1287 1825 1468 1906 incuriis
1504 1821 1624 1934 cemii
1651 1827 1767 1906 maris
1795 1825 1988 1906 littoribus
2015 1839 2055 1906 et
2173 1867 2176 1872 ·

435 1992 483 2072 ud
509 1989 674 2093 majores
702 2011 855 2084 amnes,
886 1981 925 2065 i'n
952 1985 990 2065 id
1017 1983 1239 2080 influentes,
1269 1983 1413 2092 magnis
1441 1981 1616 2091 gregibus
1644 1983 1795 2091 dcgrmt.

487 2151 612 2256 litque
641 2149 700 2229 bis
728 2173 821 2253 prae
848 2148 988 2228 ceteris
1016 2145 1296 2228 adnumeranda
1313 2146 1360 2224 Α.
1382 2145 1563 2253 rupicollr's
1581 2144 1685 2226 Poll.
1707 2159 1747 2227 et
1765 2147 1989 2256 erqtlropur
2008 2149 2051 2228 L.

434 2305 637 2414 (olbifrour
664 2303 828 2411 Brisa),
860 2330 957 2412 quae
984 2303 1260 2384 occidentalem
1286 2301 1434 2408 pariter
1451 2311 1566 2408 atque
1594 2302 1819 2384 orientalem
1846 2305 1953 2383 o'ram
1981 2303 2056 2386 fre·

435 2475 597 2576 quenter
634 2461 824 2561 incolunt,
863 2458 1066 2569 primoque
1094 2447 1185 2540 iere
1221 2457 1525 2566 septentrionem
1560 2469 1710 2564 petunt.
1750 2453 1895 2557 Quibus
1931 2469 2057 2544 tamen

438 2627 716 2739 frequentiores
745 2624 997 2705 observantur
1024 2603 1066 2702 in
1089 2621 1288 2703 maritimis
1315 2623 1419 2704 Auos
1446 2621 1564 2703 rutila
1590 2623 1693 2705 Poll.
1724 2621 1909 2732 (caturco
1935 2623 2055 2734 Gany,

437 2793 476 2869 in
490 2789 656 2871 Iberiam
680 2813 800 2894 usque
815 2809 1036 2892 permeuus3
1059 2783 1246 2866 addantur
1260 2781 1391 2866 hisce:
1412 2783 1458 2863 A.
1482 2787 1647 2864 todornu
1663 2785 1726 2882 L.,
1747 2787 2059 2896 leucoplttlolmos
2164 2801 2169 2814 '

437 2945 615 3036 Reciso,
651 2943 775 3052 rofino
803 2941 932 3039 Part,
970 2941 1084 3048 niqra
1111 2941 1155 3020 L.
1187 2939 1297 3047 (utro
1325 2937 1466 3048 Pau),
1493 2939 1654 3047 sulr'qolo
1681 2937 1752 3040 L,
1784 2945 1957 3050 clouqulo
1985 2945 2055 3042 L.,

433 3104 560 3213 sortito
588 3101 658 3200 L.,
700 3130 834 3182 creccu
861 3097 932 3197 L.,
963 3101 1136 3208 clypeata
1164 3099 1235 3194 L.,
1267 3095 1439 3178 Roscius
1468 3091 1542 3195 L,
1573 3113 1745 3208 strcpcro
1772 3097 1842 3196 L„
1874 3101 2058 3211 Penelope

440 3258 501 3353 L.,
531 3253 780 3362 querquedulo
798 3253 841 3333 L.
848 3311 861 3349 ,
882 3263 996 3332 acuto
1013 3249 1058 3332 L.
1090 3249 1322 3357 (ccudocuto
1346 3251 1486 3358 Part),
1508 3249 1673 3333 hiemalis
1692 3251 1812 3348 Part,
1834 3261 1874 3334 et
1891 3255 2059 3360 anqusti-

438 3419 577 3500 rostrr‘s
604 3413 784 3514 Mine'tr„
814 3440 912 3523 quae
939 3411 1097 3522 quidem·
1118 3440 1264 3514 omnes,
1296 3415 1335 3496 in
1361 3415 1557 3496 occidente
1577 3415 1691 3494 maris
1712 3413 2055 3521 frequentissimae,

439 3599 489 3654 ex
522 3585 652 3654 austro
689 3571 727 3652 in
762 3572 1062 3680 septentrionem
1098 3571 1261 3679 migrent
1295 3571 1426 3680 ibique
1461 3575 1561 3652 circa
1598 3571 1720 3652 salsos
1759 3571 1886 3672 lacus,
1915 3571 2058 3680 Volgae

382 3737 388 3748 ’
439 3718 657 3834 proximos,
697 3723 837 3807 diutius
873 3727 1014 3805 morari
1051 3723 1198 3825 solent3
1238 3721 1300 3806 hic
1335 3748 1487 3832 quoque
1516 3723 1688 3806 locorum
1715 3725 1761 3804 A.
1791 3723 1985 3805 mosolotu
2011 3723 2055 3804 L.

440 3853 627 3998 spontane
653 3887 768 3995 degit.

492 4046 624 4158 Neque
652 4061 849 4156 postremo
878 4047 1005 4128 omitti
1032 4045 1095 4128 hic
1113 4043 1227 4128 tebet
1246 4046 1456 4127 Pelcccuus
1475 4049 1715 4127 onocrotalus
1734 4046 1797 4144 L,
1827 4047 1867 4127 in
1884 4047 2058 4128 omuibus

443 4205 523 4288 lere
550 4231 636 4285 cum
660 4205 711 4284 P.
733 4203 894 4284 crr'stcto
922 4201 1115 4282 littoribus
1144 4227 1265 4308 aeque
1286 4199 1507 4308 frequenter
1525 4197 1674 4298 obvius,
1696 4204 1735 4280 in
1753 4203 1920 4282 iberiam
1937 4229 2057 4310 usque

441 4359 634 4462 devolans,
665 4373 705 4444 et
731 4363 777 4443 ad
805 4357 971 4467 majores
1000 4385 1129 4440 amnes
1158 4355 1313 4466 Cyrum,
1345 4355 1506 4466 Volgum
1528 4355 1700 4466 aliosque
1718 4383 1795 4438 non
1812 4356 2056 4466 infrequens3

442 4522 608 4603 omnium
621 4546 712 4602 vero
730 4517 984 4600 creberrimus
1001 4517 1237 4600 estHott‘cus
1257 4543 1502 4598 cormorouur
1521 4519 1583 4598 ΙΙΙ.
1602 4515 1830 4624 (Pclccorrus
1845 4517 1961 4599 curbo
1975 4517 2018 4600 L.
2018 4521 2056 4625 β,

442 4701 516 4754 una
551 4697 637 4752 oum
663 4670 831 4752 centenis
860 4667 973 4750 Loris
1000 4681 1041 4750 et
1068 4669 1220 4751 Sterm'r
1248 4669 1286 4749 in
1314 4669 1447 4750 insulis
1474 4669 1615 4776 caspiis
1643 4667 1802 4768 obrius,
1839 4671 2062 4751 mediterra-

442 4861 587 4942 neaque
613 4845 762 4940 petens.

495 4991 620 5075 Multo
647 5000 774 5071 antem
801 4990 967 5070 rariores
995 4989 1040 5070 ad
1069 4987 1170 5069 ostia
1195 4987 1362 5096 Rhymni
1390 4989 1503 5094 inque
1530 4987 1652 5093 caspii
1670 4988 1785 5068 maris
1804 4987 1958 5069 sinubus
1977 5013 2060 5095 gro-

443 5143 539 5252 gorii
567 5143 772 5224 obveniunt
797 5169 882 5224 cum
909 5141 964 5224 H.
996 5170 1221 5224 cormorurtc
1249 5141 1301 5224 H.
1328 5171 1533 5254 pqqmocus
1552 5142 1654 5224 Poll.
1685 5156 1726 5227 et
1749 5141 1911 5225 muevc‘ur
1930 5144 2057 5246 Part,

446 5305 511 5410 qui
530 5303 629 5384 ulter
656 5301 880 5409 plerumque
911 5303 1085 5384 nonnisi
1112 5304 1151 5382 in
1178 5277 1416 5385 occidentali¹
1430 5329 1522 5402 ora,
1554 5301 1666 5412 idque
1693 5303 1858 5410 sparsim
1874 5303 1988 5385 modo
2006 5306 2061 5384 vi·

444 5490 509 5544 sus
536 5472 609 5544 est.

497 5619 529 5702 Ε
556 5617 702 5727 Mcrqr'r
729 5619 864 5701 deinde
891 5640 1107 5724 merqcuser
1133 5619 1177 5700 L.
1210 5617 1258 5730 (¹)
1293 5621 1340 5702 ad
1367 5619 1530 5701 Tillisios
1558 5619 1691 5702 urbem
1719 5619 1874 5702 obvenit
1901 5619 2062 5730 indeque

446 5781 667 5862 ulteriorem
693 5781 791 5886 petit
818 5779 985 5862 sterium
1011 5791 1052 5860 et
1078 5779 1297 5878 Albaniam,
1336 5793 1376 5862 et
1404 5776 1461 5865 M.
1493 5781 1645 5865 attollor
1673 5778 1716 5862 L.
1760 5806 1868 5862 oram
1894 5781 2062 5886 caspiam

447 5917 718 6020 occidentalem
744 5965 876 6020 versus
903 5949 1073 6021 austrum
1101 5941 1215 6046 legit,
1246 5940 1311 6020 ubi
1339 5966 1492 6050 quoque
1519 5941 1724 6022 obveniunt
1751 5937 1939 6051 Podr‘ccpr
1967 5941 2061 6022 cris·

448 6101 549 6168 tutur
578 6089 714 6187 tart,
745 6104 923 6170 cornutus
951 6087 1090 6188 Lutlt.,
1120 6115 1189 6173 nec
1218 6117 1292 6171 non
1319 6091 1440 6172 minor
1468 6093 1576 6174 tart.

490 6371 532 6464 (')
555 6367 590 6438 S.
616 6369 865 6452 Grumum,
892 6371 982 6438 Reice
1003 6373 1036 6438 iu
1058 6377 1117 6439 den
1139 6371 1316 6439 Karrlrmus.
1338 6373 1398 6440 Tb.
1425 6375 1452 6440 l.
1477 6399 1546 6460 paq.
1574 6369 1651 6440 225.
