5582 7752
1136 872 1398 952 ..29-

515 1059 755 1167 Geordycdor
780 1060 935 1164 tepores
964 1056 1077 1144 Patr..
1104 1055 1439 1161 septentrionalem
1474 1055 1602 1159 potius
1640 1065 1680 1134 et
1714 1056 1936 1138 orientalem
1964 1081 2070 1138 oram

460 1213 612 1312 incolit,
644 1211 934 1310 voracissimus,
964 1209 1197 1292 carnivorus.

513 1370 667 1480 Spolac
694 1369 842 1478 typdlos
869 1369 971 1450 Poll.
1003 1381 1043 1449 ct
1070 1367 1180 1476 Spot.
1212 1367 1376 1470 Pulloni
1395 1369 1564 1452 Noram.
1597 1370 1633 1448 in
1662 1369 1801 1454 uossia
1827 1375 2064 1457 meridionali

462 1527 781 1636 frequentissimi,
812 1529 859 1608 ad
885 1527 1080 1608 Cubanum
1106 1553 1268 1626 emnem,
1299 1527 1516 1628 Terekium,
1539 1528 1789 1635 Volgemque,
1819 1555 1895 1609 non
1922 1559 2012 1614 vero
2032 1537 2069 1614 in

459 1687 706 1768 ulterioribus
734 1685 924 1768 Caucasiis
958 1685 1220 1768 observantur.
1256 1684 1396 1768 Castor
1421 1687 1513 1795 fider
1540 1687 1584 1766 t.
1604 1668 1663 1768 'ad
1690 1687 1822 1768 lluvios
1849 1693 2067 1792 caucasios,

460 1853 503 1922 ut
528 1845 576 1925 ad
604 1844 805 1956 Terckium
831 1854 871 1923 et
899 1841 1123 1944 suadebam,
1153 1845 1200 1926 ed
1227 1842 1365 1950 Cyrum
1392 1846 1479 1928 dein
1506 1857 1547 1929 et
1575 1847 1797 1928 Alazonium
1814 1849 2067 1958 Araxemque,

458 1995 559 2078 haud
586 2023 672 2079 raro
699 2009 739 2078 et
765 1998 858 2078 alibi
885 2000 1052 2081 obvenit.

511 2155 680 2262 Hystrr'ae
706 2155 869 2236 cristato
896 2157 941 2236 L.
972 2157 1019 2238 ad
1046 2159 1233 2239 orientem
1259 2169 1300 2239 et
1327 2167 1497 2238 austrum
1522 2159 1642 2264 caspii
1669 2159 1811 2256 maris,
1844 2160 1882 2238 in
1909 2161 2064 2262 Persia,

458 2316 675 2400 Ghilanensi
702 2331 742 2399 et
770 2319 1015 2426 Talpscbensi
1042 2321 1238 2426 provincia
1264 2322 1453 2428 provenit,
1483 2321 1549 2400 ubi
1578 2321 1615 2402 in
1633 2326 1804 2404 arenosis
1823 2327 1987 2406 desertis
2005 2353 2070 2407 cu-

457 2473 603 2570 niculos
631 2473 705 2554 sibi
734 2472 827 2554 lodit
854 2471 1085 2580 prolimdos,
1115 2473 1307 2554 domicilia
1334 2499 1415 2554 sua.

510 2631 631 2738 Lepus
657 2632 818 2738 denique
847 2631 996 2710 timidus
1023 2631 1067 2711 L.
1099 2634 1209 2738 longe
1237 2632 1390 2737 lateque
1408 2633 1551 2713 devexa
1568 2635 1893 2742 caucasio-caspia
1912 2639 2066 2736 incolit,

457 2787 504 2867 ed
532 2785 690 2892 Cyrum,
708 2784 974 2882 'Alazonium,
1011 2783 1202 2883 Araxem,
1247 2785 1285 2862 in
1313 2781 1492 2864 Colchide
1528 2809 1679 2894 quoque
1707 2797 1747 2866 et
1773 2787 1979 2886 Imeretia‚
2023 2792 2070 2872 ad

457 2941 660 3025 Terckium
686 2955 884 3050 postremo
911 2945 1083 3052 aliosque
1110 2942 1268 3024 Caucasi
1296 2969 1425 3024 amnes
1454 2943 1616 3048 majores
1643 2944 1881 3025 observatur.

507 3127 540 3206 E
567 3125 913 3230 Pocdqdcrmorom
939 3119 1071 3208 ordine
1099 3121 1197 3202 Sues
1221 3121 1368 3230 scrib.
1399 3121 1439 3200 in
1466 3117 1641 3198 omnibus
1670 3115 1750 3206 lere
1765 3115 1957 3198 Caucasiis
1982 3119 2069 3202 lbe-

352 3379 356 3384 .
456 3283 612 3388 riaeque
639 3281 802 3386 sylvosis
830 3280 1046 3386 paludosis,
1086 3280 1347 3390 arundinetis,
1387 3251 1489 3358 circa
1516 3277 1683 3381 maj0res
1710 3275 1939 3381 praesertim
1966 3278 2069 3358 lacus

455 3469 638 3552 mareque
652 3444 860 3550 caspium,
892 3445 930 3522 in
949 3429 1173 3524 ‘Armeniam
1200 3453 1241 3522 et
1266 3427 1499 3548 Hyrcaniam
1525 3466 1646 3548 usque
1665 3441 1765 3520 baud
1784 3441 2066 3550 infrequentem

456 3601 764 3683 arundinetorum
791 3601 874 3708 apri
902 3601 1104 3682 validiores
1134 3611 1174 3681 et
1200 3599 1442 3712 proceriores
1477 3587 1576 3696 illis,
1615 3595 1680 3703 qui
1717 3597 1755 3675 in
1788 3599 1948 3702 sylvosis
1984 3624 2070 3704 pas·

454 3769 611 3858 cuntur,
653 3741 819 3870 caucasii
854 3785 945 3840 vero
979 3761 1100 3838 multo
1119 3728 1301 3840 ¹minores
1324 3759 1478 3864 ,iique
1506 3758 1545 3836 in
1572 3757 1775 3863 Mingrelia
1802 3725 2068 3868 Abchasiaque

454 3914 681 4019 praeprimis
710 3913 896 3996 Castanea
922 3941 1034 3997 vesca
1061 3917 1278 3996 nutriuntur
1291 3926 1336 3995 et
1354 3916 1440 3996 ideo
1459 3941 1573 3996 carne
1591 3917 1711 3996 multo
1730 3918 1936 4022 sapidiore,
1958 3945 2070 4026 quam

457 4059 520 4139 ru·
538 4063 740 4144 excellunt.
1979 4063 1980 4066 ‘

507 4241 638 4348 Equos
661 4244 765 4351 seros
793 4270 945 4352 quoque
973 4247 1013 4324 in
1039 4245 1216 4360 devexis,
1247 4243 1400 4324 Cubano
1420 4245 1520 4324 amni
1540 4245 1687 4342 vicinis,
1710 4245 1858 4350 pridem
1876 4249 2069 4330 exstitisse

456 4401 562 4480 valde
576 4401 788 4506 ¹probabile
815 4412 894 4500 est,
926 4411 1041 4509 mum
1068 4402 1253 4482 montium
1279 4400 1549 4483 Caucasiorum
1574 4399 1752 4500 brachia,
1767 4387 1879 4509 ⁸quae
1898 4403 1987 4484 illuc
2005 4432 2071 4486 ex-

456 4552 681 4650 tenduntur,
718 4551 967 4658 abantiquis
1004 4551 1157 4662 deppica
1191 4553 1293 4634 dicta
1328 4553 1424 4652 sint,
1464 4565 1505 4634 et
1540 4579 1564 4633 a
1599 4541 1790 4654 Strqbooc
1825 4542 1864 4632 in
1899 4555 2071 4638 Rossicis
2183 4557 2186 4566 ’

454 4713 760 4794 meridionalibus
784 4713 863 4822 scri
887 4713 972 4821 equi
995 4728 1362 4816 commemorentur,
1392 4717 1457 4823 qui
1486 4726 1612 4796 tame'n
1640 4717 1678 4796 in
1705 4717 1845 4824 apricis
1873 4720 2002 4823 potius
2031 4735 2071 4802 et
2177 4733 2189 4772 '-

454 4861 678 4974 graminosis
706 4869 893 4968 desertis,
924 4871 1047 4950 Ponto
1075 4871 1232 4970 vicinis,
1275 4865 1389 4978 quam
1415 4871 1455 4949 in
1481 4873 1688 4970 montosis,
1719 4898 1816 4979 quae
1844 4898 1919 4952 non
1945 4875 2072 4980 perfe-

316 5123 321 5140 ἡ
454 5043 565 5131 runt,
605 5044 645 5112 et
680 5017 747 5110 ubi
783 5033 1074 5113 monticolarum
1108 5033 1196 5140 equi
1233 5058 1470 5115 marcescere
1498 5035 1646 5132 solent,
1686 5031 1853 5116 adluisse
1880 5018 2068 5118 videntur.

453 5187 557 5284 Quos
585 5202 710 5269 tamen
737 5191 776 5268 in
803 5189 1050 5272 orientaliore
1077 5191 1209 5295 caspia
1236 5191 1384 5290 adesse,
1415 5191 1697 5298 eKirgisorum
1714 5219 1782 5275 ore
1802 5195 1971 5302 quotidie
1991 5193 2072 5279 lere

453 5340 759 5458 colligipotest3
799 5364 839 5434 et
875 5354 1016 5459 duplex
1053 5353 1205 5460 quidem
1240 5361 1378 5434 eorum
1409 5381 1525 5461 genus
1554 5357 1607 5437 ibi
1635 5370 1869 5484 memopant,
1909 5361 2070 5440 alterum

453 5511 650 5617 exiguum,
690 5509 818 5590 dolon
844 5511 1007 5612 dictum,
1041 5511 1344 5618 longepilosum,
1375 5511 1644 5612 subvillosum,
1675 5515 1767 5594 muli
1795 5515 1939 5614 simile,
1969 5517 2071 5596 auri·

302 5742 308 5750 .
451 5673 547 5792 culis
574 5673 760 5778 elongatis
788 5650 981 5780 caudaque
1009 5673 1184 5774 vacciua3
1221 5673 1406 5773 alterum,
1444 5673 1571 5754 Bolon
1599 5687 1875 5784 nuncupatum,
1906 5677 2068 5758 obscura
2213 5723 2217 5735 ·

449 5830 542 5934 juba
567 5833 810 5956 brevissima,
841 5843 881 5914 et
908 5834 1003 5914 stria
1030 5835 1134 5914 dorsi
1162 5835 1349 5932 obscura,
1379 5833 1429 5914 ab
1447 5859 1494 5914 eo
1522 5833 1571 5916 ad
1597 5835 1754 5913 caudam
1781 5859 1902 5940 usque
1929 5862 2064 5917 excur-

453 6001 584 6089 rente3
632 5991 680 6070 ab
707 5992 792 6070 aliis
809 5991 981 6100 ‘Torport
1008 5995 1167 6093 dicitur,
1199 6020 1275 6102 quo
1304 6005 1431 6076 tamen
1457 5997 1607 6076 nomine
1635 5997 1778 6101 passim
1796 5997 1847 6076 E.
1879 5997 2066 6077 domabitur

452 6145 554 6258 Poll.
585 6148 784 6226 salutatur.
1294 6113 1300 6124 ι

505 6301 661 6382 Nobiles
690 6329 800 6408 equos
841 6303 945 6382 alunt
973 6297 1219 6384 Tscberkessi
1251 6305 1434 6410 imprimis
1464 6307 1679 6414 Persaeque
1714 6307 1752 6386 in
1779 6306 2065 6414 Karabagbensi
2121 6289 2127 6296 ’

452 6455 647 6558 provincia
674 6456 786 6564 inque
805 6457 990 6538 ulteriore
1009 6459 1160 6560 Persia3
1191 6459 1426 6542 nobilissima
1444 6460 1559 6566 stirps
1580 6460 1860 6542 tschcrlressica
1879 6459 2066 6542 Scbalocb

596 6616 768 6675 Ercnwrno
786 6619 875 6674 Fauo.
896 6637 971 6694 casp.
993 6637 1071 6676 cauo.
1478 6667 1483 6673 .
1912 6623 1929 6676 8
