5628 7750
1388 769 1676 852 ...128-

716 969 878 1054 latitudo
905 967 1026 1050 rictus
1057 963 1076 1045 1
1106 962 1200 1070 poll.
1231 959 1257 1042 ll
1285 960 1369 1060 lin„
1399 957 1532 1066 longit.
1562 953 1712 1036 humeri
1742 951 1762 1033 1
1790 950 1885 1058 poll.
1916 949 1942 1028 5
1969 949 2063 1047 lim,
2095 949 2194 1054 lang.
2226 947 2336 1026 ulnae

721 1133 864 1242 lpoll.
901 1129 1051 1228 31in.;
1088 1125 1220 1233 longit.
1259 1147 1392 1214 manns
1429 1120 1476 1202 ad
1512 1118 1619 1224 digiti
1654 1115 1769 1197 medii
1805 1114 1952 1221 apicem
1993 1113 2011 1193 1
2050 1111 2144 1219 poll.
2184 1107 2334 1206 stin.,

721 1285 852 1392 longit.
884 1281 1038 1365 lemoris
1069 1279 1088 1360 l
1117 1279 1212 1386 poll.
1247 1275 1295 1356 ta
1321 1275 1413 1372 lin.,
1444 1265 2001 1380 long.cruris1poll.81iu.,
2032 1265 2164 1371 longit.
2185 1263 2338 1368 plantae

634 1435 640 1450 '
720 1441 828 1548 pedis
856 1440 904 1520 ad
930 1448 1143 1520 extremum
1169 1433 1325 1542 digitum
1351 1429 1517 1512 medium
1542 1429 1569 1509 2
1594 1427 1690 1534 poll.
1724 1424 1773 1506 10
1798 1423 1864 1504 lin.

774 1593 875 1672 Huic
903 1589 1048 1693 speciei
1085 1587 1199 1667 Runa
1235 1591 1416 1678 caucart'a
1453 1583 1556 1663 Poll.
1593 1603 1778 1688 perquam
1814 1577 1951 1658 similis
1984 1601 2054 1657 nec
2082 1575 2132 1656 ll.
2162 1603 2339 1658 amuco-

724 1742 874 1824 se'csr‘ma
907 1741 1011 1822 Poll.
1043 1733 1092 1848 (')
1120 1745 1195 1818 nisi
1228 1741 1388 1844 poeticis
1414 1741 1575 1842 pedibus
1609 1736 1957 1844 subpentadactylis
1991 1735 2040 1816 ab
2071 1733 2137 1814 illa
2173 1731 2336 1815 recedit·

724 1903 950 2014 utraquein
976 1901 1145 1984 Caucaso
1172 1899 1286 1983 obvia
1312 1910 1465 1982 etcum
1491 1898 1636 2006 Brasaca
1671 1895 1820 1977 ac'nerea
1855 1895 1974 1978 Sela.
2017 1923 2096 1978 rar.
2131 1899 2342 2006 patrumm
2396 1965 2404 1979 .

728 2062 822 2145 Cea.
853 2031 1005 2141 omnino
1029 2057 1245 2164 jungenda3
1284 2053 1485 2164 utriusque
1515 2053 1616 2136 enim
1643 2051 1901 2150 differentiae,
1938 2053 2071 2160 quales
2112 2051 2169 2132 ill.
2206 2051 2342 2134 Paltos

724 2211 917 2318 exposuit,
946 2199 1069 2289 minus
1096 2230 1244 2315 paves.
1622 2177 1625 2192 ¹

780 2367 935 2448 Scilicet
960 2376 1161 2472 utramque
1187 2362 1384 2444 ltauaram
1410 2359 1602 2467 speciem,
1632 2386 1680 2442 ex
1697 2359 1875 2465 autopsia
1893 2357 1932 2439 ei
1963 2359 2154 2466 ignotam,
2185 2358 2344 2441 esche-

725 2531 783 2612 dis
810 2528 896 2613 MS.
927 2527 1269 2610 Giildenst'adtianis
1296 2525 1523 2631 descripsit,
1561 2524 1714 2631 pictura
1749 2530 1826 2605 non
1861 2525 2009 2626 addita3
2048 2550 2095 2606 ex
2131 2523 2216 2632 ejus
2253 2549 2344 2606 vero

725 2683 984 2790 descriptione
1012 2682 1061 2762 ll.
1093 2679 1276 2762 caucosia
1302 2681 1455 2762 omnino
1482 2681 1656 2788 congmit
1681 2706 1769 2762 cum
1802 2692 1934 2763 nostra
1971 2679 2116 2788 Basoue
2153 2682 2342 2780 colchica,

726 2839 868 2948 plantis
894 2837 1225 2944 subhexadactylis
1252 2848 1293 2918 et
1325 2837 1488 2918 maxillis
1524 2835 1764 2918 denticulatis
1800 2835 1984 2933 notabili,
2022 2846 2186 2942 excepta
2219 2835 2345 2944 lingna

726 2995 865 3095 bifida,
881 3021 920 3086 ¹a
945 3019 1006 3076 me
1033 3017 1109 3074 non
1136 2993 1240 3094 visa3
1267 3003 1312 3074 at
1339 2992 1472 3073 Rauca
1498 2990 1829 3075 amuaoulree'mac
1855 2992 2058 3099 adscripsit
2084 2991 2220 3074 Pallas
2237 2993 2346 3101 plan·

728 3171 787 3240 tas
815 3157 1084 3264 tetradacrylas
1108 3151 1198 3238 'cnm
1225 3157 1358 3266 quinto
1386 3155 1503 3262 digito
1522 3155 1768 3261 incompleta,
1791 3154 1893 3264 (ideo
1910 3156 2039 3262 potius
2058 3157 2344 3264 pentadactylas

728 3319 922 3429 dicendas)
939 3379 950 3418 ,
965 3397 967 3402 ,
981 3317 1144 3426 linguam
1171 3319 1380 3427 mtegram,
1411 3325 1629 3426 tympanum
1656 3345 1731 3400 non
1759 3321 1861 3400 illius
1885 3321 2062 3429 exemplo
2080 3322 2341 3428 conspicuum,

727 3481 796 3561 sed
822 3479 1130 3584 inconspicuum,
1160 3502 1236 3584 quo
1264 3477 1392 3582 potius
1422 3477 1570 3559 accedit
1597 3479 1645 3560 ad
1671 3478 1720 3560 B.
1745 3481 1960 3588 palmarem
1981 3480 2075 3562 Cua.
2097 3507 2178 3562 var.
2209 3477 2258 3562 B.
2290 3481 2344 3560 ci-

728 3635 835 3718 nerei
872 3633 991 3716 Sallu.
1021 3633 1260 3716 australioris
1287 3633 1492 3738 Europae:
1521 3634 1657 3740 qrribus
1685 3636 1814 3742 itaque
1840 3635 2015 3716 omnibns
2043 3637 2117 3718 rite
2144 3635 2343 3743 perpensis

728 3793 870 3877 nullam
883 3805 1055 3898 'prorsus
1084 3792 1193 3874 videa
1221 3790 1433 3897 graviorem
1459 3817 1483 3872 a
1509 3789 1656 3872 Bulone
1682 3803 1815 3872 nostro
1836 3791 1899 3900 (¹¹⁸)
1927 3793 2191 3874 differentiam.

772 4101 1012 4216 simmei·
1036 4107 1059 4170 ¹·
1084 4127 1116 4172 c·
1141 4127 1194 4172 ιιι.
1219 4125 1289 4191 pag.
1317 4098 1370 4169 17.

775 4239 831 4334 (‘')
853 4239 1027 4308 Paullulum
1050 4242 1139 4308 aliter
1161 4265 1210 4308 res
1233 4265 1267 4308 se
1289 4246 1381 4312 habet
1403 4265 1473 4310 cum
1500 4240 1683 4312 Testudine
1705 4239 1797 4310 ibera
1826 4253 1858 4310 et
1877 4265 2027 4336 graeca,
2052 4263 2129 4328 quas
2152 4244 2199 4309 ill.
2227 4243 2346 4312 Pallas

730 4357 754 4419 l.
771 4379 802 4422 c.
819 4355 985 4439 descripsit
999 4344 1030 4420 et
1045 4355 1177 4440 picturis
1193 4355 1356 4422 illustravit
1371 4357 1561 4422 rudioribusr
1579 4359 1696 4442 basque
1711 4359 1904 4426 authenticas
1919 4381 2003 4423 nuuc
2018 4358 2142 4440 quidem
2158 4358 2346 4444 inspiciendi

730 4439 852 4532 omnem
874 4465 952 4531 mihi
974 4467 1049 4532 lecit
1071 4468 1247 4532 facultatem
1270 4469 1406 4534 amiciss.
1431 4492 1448 4534 a
1470 4461 1579 4546 Bam
1604 4471 1657 4536 illa
1683 4469 1776 4536 Test.
1807 4490 1950 4562 graecae
1971 4466 2049 4535 Tab.
2074 4467 2120 4536 ll.
2145 4471 2169 4536 l.
2198 4471 2235 4554 l,
2262 4473 2345 4536 mul-

732 4584 823 4659 tuties
844 4583 976 4680 interior
998 4583 1089 4651 icone
1110 4605 1180 4653 aare
1194 4584 1293 4654 incisa
1310 4585 1343 4652 in
1365 4581 1405 4652 S.
1427 4584 1471 4654 G.
1501 4585 1650 4656 Gmelini
1671 4585 1745 4654 itin.
1767 4591 1831 4654 tab.
1853 4587 1949 4654 10-
1963 4587 2022 4669 ll,
2039 4601 2188 4654 monstrat
2209 4613 2247 4656 ex
2261 4601 2349 4676 parte
2432 4657 2436 4672 ,

736 4700 779 4766 Τ.
804 4701 952 4795 caspiam
974 4713 1101 4786 propter
1123 4703 1523 4769 collumllavo-lasciatum
1546 4709 1701 4790 pedesque
1723 4705 1860 4792 posticas
1890 4727 2026 4790 scrperne
2054 4710 2345 4788 tlara-maculatos,

732 4813 771 4880 ex
793 4823 880 4900 parte
902 4836 973 4880 vero
999 4811 1041 4879 T.
1065 4835 1243 4906 graecam,
1269 4829 1396 4902 propter
1417 4803 1538 4883 scutum
1560 4821 1700 4902 dorsale,
1725 4820 1771 4884 illi
1795 4819 2092 4912 impositum-multo
2114 4823 2293 4899 convenius,
2318 4833 2349 4886 at

734 4932 846 4996 habito*
860 4913 1002 5017 respecta
1017 4932 1173 5016 ·lougioris
1193 4913 1275 4998 scuti
1298 4934 1501 5005 abdomiualir
1515 4933 1569 5000 Τ.
1594 4937 1749 5026 caspiae,
1775 4935 1905 5001 nimium
1929 4959 2019 5022 quam
2043 4939 2186 5014 brevius,
2212 4940 2253 5004 ita
2273 4962 2349 5004 con-

730 5045 836 5134 junxit
858 5049 904 5112 ill.
938 5045 1059 5112 Pallor
1089 5053 1208 5116 hancce
1238 5051 1373 5138 speciem
1396 5071 1468 5118 cum
1493 5049 1536 5118 T.
1565 5065 1708 5143 graeca,
1739 5053 1883 5120 similiter
1914 5057 2214 5134 intranscaucasiis
2244 5057 2348 5125 obvia.¹

734 5153 835 5222 llulta
857 5157 1034 5258 suntiliores
1056 5169 1129 5222 sunt
1150 5159 1340 5228 differentias
1362 5165 1401 5227 ab
1424 5159 1521 5252 Ernye
1542 5164 1698 5252 (caspia)⁸
1711 5163 1852 5230 adriatici
1877 5167 1990 5249 meris,
2030 5168 2231 5252 utplurimum
2258 5168 2350 5234 lineis

736 5275 892 5340 undulatis
907 5275 994 5339 ssavis
1010 5275 1091 5340 scuti
1104 5265 1244 5342 'dorsalis
1266 5278 1312 5372 (ιι.
1337 5275 1493 5346 Dumer'il
1512 5292 1543 5347 et
1565 5281 1692 5348 Bibran
1714 5279 1908 5370 Erpetologie
1922 5289 1983 5352 vol.
2006 5283 2053 5352 ll.
2074 5285 2159 5352 1835
2182 5312 2251 5374 pag.
2268 5285 2349 5380 235)

734 5415 752 5460 a
775 5403 878 5460 nostra
892 5394 997 5480 caspia
1014 5389 1186 5462 recedente.
1212 5393 1305 5477 Quod
1324 5401 1460 5484 danique
1479 5389 1601 5488 spectet
1623 5406 1760 5490 picturas
1782 5389 1969 5476 Pallasianas
1996 5410 2038 5476 Τ.
2064 5411 2175 5477 iberae
2192 5423 2224 5478 et
2246 5375 2378 5478 eoae-⁸

734 5507 861 5616 datae,
884 5513 990 5596 quales
1019 5511 1111 5578 etiarn
1146 5535 1230 5580 nunc
1259 5537 1362 5584 aarum
1384 5523 1503 5604 habeo,
1529 5525 1587 5588 hae
1608 5523 1651 5592 ita
1674 5535 1746 5590 sunt
1768 5529 1879 5608 rudes,
1905 5540 1939 5594 ut
1963 5528 2009 5597 illi
2028 5526 2193 5596 Testudini
2225 5551 2352 5613 quoque
2425 5519 2427 5530 ¹

734 5631 840 5694 dentes
858 5631 1022 5714 utriusque
1043 5633 1185 5697 maxillae
1208 5634 1338 5718 linguon
1373 5637 1494 5703 scilicet
1523 5639 1644 5724 pictura
1676 5639 1719 5706 Τ.
1752 5641 1937 5713 eceudatae
1967 5669 1984 5710 a
2009 5643 2049 5711 S.
2085 5643 2130 5712 (i.
2172 5643 2349 5730 Gmelina,

736 5745 787 5810 illa
813 5745 856 5812 Τ.
884 5745 996 5814 iberae
1024 5751 1063 5814 ab
1090 5750 1159 5834 ipso
1195 5747 1457 5820 Gatdemradtto
1489 5778 1561 5822 curn
1593 5759 1640 5823 ill.
1675 5749 1828 5827 Fallacia
1859 5765 2086 5830 communicata
2118 5775 2185 5844 est,
2218 5775 2249 5828 et
2279 5787 2350 5830 cum

736 5865 823 5930 rudis
857 5875 990 5952 unaque
1025 5871 1065 5934 ab
1103 5868 1236 5935 invicem
1273 5871 1349 5936 satis
1381 5875 1521 5956 recedat,
1555 5869 1750 5954 Gmeliniaua
1769 5881 1983 5964 praesertim,
2018 5883 2101 5946 nulla
2142 5881 2352 5967 descriptione

736 5978 952 6062 superaddita,
976 5981 1078 6045 amuis
1108 5981 1173 6048 lere
1202 5985 1318 6058 caudae
1345 5985 1467 6056 delectu
1502 5997 1646 6070 notatur,
1677 5989 1752 6058 licet
1785 6015 1890 6059 revera
1919 5995 2001 6060 adsit
2031 5993 2064 6057 in
2094 5992 2235 6079 pictura,
2269 5997 2353 6078 qaod

736 6091 835 6172 salet,
859 6090 961 6176 exigui
984 6101 1015 6157 et
1036 6094 1089 6158 lati
1113 6096 1278 6162 rudimenti
1306 6097 1421 6164 instar:
1458 6101 1538 6166 hanc
1572 6111 1733 6188 propterea
1764 6103 1806 6171 Τ.
1831 6103 2017 6170 ecaudatae
2048 6108 2106 6172 sub
2139 6108 2264 6172 nomine
2296 6130 2352 6191 pro

735 6203 881 6274 distincta
903 6207 1009 6295 specie
1031 6211 1141 6278 babuit
1163 6211 1305 6292 Pallas,
1328 6210 1565 6301 themanni,
1588 6241 1660 6288 cum
1681 6225 1906 6306 eadem‘vero,
1930 6225 2043 6316 ceteris
2058 6223 2353 6316 pithaeanum

507 6349 510 6360 ·
736 6339 885 6404 congrua.
