5582 7752
1150 915 1202 934 ...
1255 865 1306 948 25
1359 913 1411 928 ..

477 1059 638 1165 aliisquo
667 1055 956 1138 transcauoasiis
985 1055 1169 1160 vulgatus,
1200 1053 1297 1132 citra
1315 1052 1524 1133 Caucasum
1543 1052 1580 1130 in
1607 1051 1758 1132 devexis
1786 1077 1936 1158 quoque
1955 1049 2087 1130 obuius

478 1223 559 1310 est3
590 1209 765 1290 Ptecotus
792 1208 878 1289 dein
907 1205 1053 1287 auritus
1075 1203 1218 1310 Gcolsr.
1237 1217 1277 1285 et
1302 1203 1519 1312 Vespertilio
1536 1203 1702 1284 murinus
1717 1204 1778 1298 t,
1795 1227 1916 1310 porro
1938 1202 1977 1283 V.
2000 1227 2090 1280 ooc-

480 1374 559 1452 tulu
578 1371 621 1450 L.
643 1383 683 1451 et
696 1371 928 1480 pept'strellus
947 1369 990 1448 L.
1017 1365 1099 1449 Gm.
1118 1366 1271 1474 aliique,
1293 1367 1331 1444 in
1345 1365 1528 1446 montosis
1544 1357 1714 1462 Caucasi,
1745 1365 1872 1446 Iberia
1890 1365 1936 1444 ad
1954 1363 2090 1470 Cyrum

479 1535 650 1642 aliosque
678 1533 762 1638 oy'us
789 1532 1003 1628 affluentes,
1034 1555 1103 1611 nec
1131 1553 1205 1608 non
1232 1531 1271 1606 in
1296 1526 1489 1609 Colchide.

531 1691 588 1771 Ex
616 1691 747 1788 ordine
768 1689 803 1767 F
803 1713 950 1767 erorum
966 1685 1291 1792 caspio-caucasia
1308 1685 1524 1790 complures
1543 1681 1692 1788 species
1712 1681 1878 1762 rariores
1899 1682 2088 1784 incolum,
2235 1733 2244 1750 .

478 1845 533 1925 sic
561 1843 773 1942 Eriuoceus
807 1841 953 1921 auritus
989 1840 1125 1937 Part,
1165 1840 1204 1918 in
1229 1839 1384 1921 devexis
1417 1837 1558 1944 caspiis
1595 1839 1797 1934 arenosis,
1841 1831 2090 1920 orientalibus

479 2022 601 2104 aeque
628 2021 671 2076 ac
699 1991 995 2074 occidentalibus
1032 1991 1382 2100 frequentissimus,
1413 1991 1464 2072 Ε.
1496 2017 1587 2074 vero
1624 2017 1829 2099 europoeus
1863 1991 1906 2070 t.
1938 1991 1986 2072 ad
2012 1991 2092 2072 exi-

479 2151 592 2230 miam
618 2147 886 2242 Caucasiorum
910 2149 1096 2230 montium
1122 2148 1357 2230 altitudinem
1384 2149 1598 2246 adscendit,
1629 2173 1702 2228 una
1728 2151 1814 2228 cum
1837 2139 1968 2256 Totpc¹
1984 2174 2092 2230 curo-

474 2337 576 2418 paco
593 2312 655 2408 L.,
686 2337 831 2392 summa
857 2311 1079 2410 cacumina,
1110 2324 1152 2391 ut
1179 2311 1217 2390 in
1244 2311 1421 2392 Helvetia
1446 2312 1493 2392 ad
1522 2312 1643 2416 ipsam
1672 2337 1791 2417 usque
1819 2311 2010 2417 regionem
2035 2313 2093 2393 ni-

479 2462 601 2543 valem
629 2459 831 2542 accedente
859 2485 927 2542 nec
954 2483 1029 2540 non
1056 2485 1167 2568 agros
1198 2457 1413 2550 infestante}
1457 2457 1612 2540 Sericos
1648 2471 1831 2543 econtra
1859 2461 2024 2540 rariores
2053 2462 2092 2540 in

479 2621 693 2723 Caucasiis3
723 2621 769 2704 S.
801 2649 963 2704 araneus
982 2624 1026 2704 L.
1057 2635 1098 2706 et
1125 2622 1170 2704 S.
1197 2621 1477 2704 Goldensetdnt'
1491 2623 1593 2704 Poll.
1616 2624 1654 2702 in
1673 2624 1785 2704 variis
1803 2624 1955 2706 Iberiae
1973 2625 2089 2720 locis,

481 2799 523 2866 ut
549 2789 678 2894 prope
699 2787 968 2884 Duschetiam,
999 2788 1141 2892 passim
1170 2786 1580 2891 repausandum
1609 2785 1654 2866 S.
1678 2785 1873 2866 carinatas
1901 2785 2021 2866 Pena.
2052 2785 2092 2866 in
2227 2775 2232 2798 '

480 2949 769 3028 transcaucasiis
797 2907 931 3028 adesse
958 2947 1109 3028 dicitur.
1622 3055 1629 3066 ι

532 3103 786 3210 Frequentior
804 3114 930 3184 tamen
949 3103 1088 3184 ibidem
1107 3102 1219 3209 inque
1238 3102 1322 3182 aliis
1341 3103 1524 3184 caucasiis
1542 3115 1603 3186 est
1619 3104 1737 3187 Meles
1755 3105 1923 3212 culparis
1942 3103 2090 3200 Story„

481 3259 715 3374 frequentior
742 3285 789 3342 eo
816 3260 936 3340 Ursus
964 3273 1093 3339 arctos
1112 3260 1174 3355 L„
1204 3262 1244 3340 in
1261 3261 1421 3366 sylvosis
1450 3262 1648 3368 utriusque
1666 3259 1870 3346 [bucasiae
1897 3263 2091 3357 declivita-

481 3393 551 3514 tis,
581 3425 624 3494 ut
651 3413 688 3494 iu
715 3411 915 3512 Cachetia,
946 3413 1131 3510 Albania,
1162 3413 1376 3519 Mingrelia.

411 3641 417 3654 .
503 3536 780 3656 'Motatorem
807 3573 893 3654 dein
919 3573 1095 3678 species,
1129 3584 1169 3652 ut
1196 3571 1253 3658 Μ.
1284 3585 1492 3652 samonaco
1519 3571 1646 3668 Pau,
1667 3585 1805 3652 mortes
1824 3573 1887 3667 l„
1903 3571 2012 3678 soinu'
2029 3574 2092 3669 L,

365 3689 369 3700 ι
481 3743 521 3814 et
546 3732 604 3818 Μ.
628 3721 802 3838 lupar-o
831 3732 874 3813 L.
893 3732 944 3812 -in
970 3731 1261 3836 septentrionali
1288 3731 1530 3835 potissimum
1556 3742 1597 3814 et
1614 3731 1839 3812 occidentali
1857 3729 2012 3842 Caucmi
2031 3691 2096 3816 de·

479 3893 669 3992 clivitate,
707 3905 747 3974 et
773 3893 830 3976 Μ.
857 3891 1033 3999 potorius
1061 3891 1105 3970 L.
1137 3889 1175 3972 ia
1211 3891 1407 3972 orientalis
1447 3916 1538 3971 orae
1571 3893 1724 3998 caspiae
1759 3893 1851 4000 jugo
1888 3897 2094 3976 ustiirtensi

480 4047 602 4128 rarius
622 4047 895 4146 observantur3
923 4057 963 4126 at
982 4045 1102 4126 Lutra
1129 4043 1296 4151 culparis
1316 4041 1524 4130 Storr.'ad
1553 4045 1753 4128 Terebium
1789 4046 1950 4154 ejusque
1974 4051 2095 4134 colla·

481 4209 620 4288 terales
647 4207 801 4303 lluvios,
832 4230 901 4286 uec
928 4229 1003 4284 non
1031 4205 1078 4284 ad
1105 4201 1242 4308 Cyrum
1269 4171 1418 4284 amnem
1435 4205 1549 4308 inque
1568 4173 1877 4286 meridionalibus
1896 4209 2094 4298 maritimis

481 4340 645 4468 caspiis,
676 4363 715 4440 in
742 4357 1076 4443 Masanderanensi
1104 4356 1321 4462 provincie,
1353 4357 1555 4439 obsoletus¹
1577 4367 1650 4438 est.

532 4519 565 4600 Ε
594 4517 730 4598 canino
757 4540 893 4624 genere
921 4515 1039 4594 multo
1067 4515 1196 4620 plures
1222 4513 1301 4620 jam
1328 4514 1476 4619 species
1504 4515 1771 4615 offenduntur5
1810 4519 1865 4598 sic
1896 4518 2014 4600 Canis
2042 4523 2096 4603 lu-

352 4733 357 4742 ·
480 4709 550 4790 pus
577 4639 623 4762 L}
653 4683 692 4761 in
719 4691 801 4761 toto
828 4677 1009 4760 Caucaso·
1023 4703 1098 4760 una
1124 4703 1211 4759 cum
1237 4677 1278 4758 C.
1311 4703 1426 4758 aureo
1456 4677 1549 4760 Cuu.
1581 4679 1619 4757 in
1637 4675 1828 4759 Caucasiis
1854 4683 2096 4764 occidentali-

481 4846 551 4926 bus
578 4857 619 4927 et
646 4845 829 4964 imprimis
857 4867 948 4924 vcro
986 4841 1022 4921 in
1058 4841 1198 4947 apricis
1224 4841 1531 4921 meridionalibus
1560 4841 1720 4947 sylvosis
1745 4842 1796 4920 'ad
1816 4841 1952 4948 Cyrum
1982 4849 2094 4954 inque

483 5002 673 5113 Hyrcania
693 5003 1039 5113 frequentissimus,
1070 5003 1155 5084 inde
1173 5003 1220 5082 ad
1239 4993 1423 5082 orientem
1441 5001 1554 5080 maris
1573 4969 1688 5081 etiam
1707 5003 1924 5104 adscendit3
1955 5006 2095 5088 inertes

483 5175 609 5244 tamen
636 5166 675 5242 in
702 5163 834 5243 calidis
862 5161 968 5243 bisce
997 5161 1241 5266 regionibus,
1273 5159 1455 5266 parvique
1482 5159 1562 5266 lupi
1585 5185 1671 5240 cum
1698 5160 1845 5265 asperis
1869 5173 1909 5241 et
1928 5165 2097 5245 trucibus

484 5319 559 5397 illis
588 5317 821 5426 frigidiomm
847 5318 1043 5422 plagarum
1069 5315 1236 5397 conlerri
1264 5327 1467 5424 nequeunt.

535 5475 608 5558 Hic
635 5501 787 5583 quoque
814 5475 985 5555 locorum
1016 5471 1061 5556 C.
1094 5499 1229 5552 corsae
1256 5474 1299 5554 L.
1331 5473 1431 5552 baud
1459 5472 1676 5582 infrequens
1713 5487 1796 5575 est;
1833 5475 1911 5580 jam
1944 5479 2096 5582 quidem

483 5634 530 5712 ad
556 5631 700 5738 Volgae
728 5629 848 5711 amnis
876 5629 1019 5736 ripam,
1060 5639 1100 5709 et
1136 5629 1271 5710 dehinc
1301 5630 1338 5708 in
1365 5639 1526 5737 utraque
1553 5627 1712 5712 Caucasi
1741 5631 1956 5711 declivitate
1984 5631 2097 5740 inque

482 5782 657 5864 orientali
684 5781 804 5886 caspii
832 5780 945 5860 maris
974 5779 1116 5860 littore.

385 5947 389 5954 ’
536 5939 668 6046 Neque
703 5939 812 6020 deest
845 5939 883 6016 in
910 5937 1087 6018 orientali
1115 5963 1183 6019 ora
1209 5940 1339 6046 caspia
1367 5941 1480 6048 inque
1507 5935 1697 6022 Caucasiis
1728 5937 1774 6018 C.
1804 5937 1929 6048 cuspes
1957 5941 2027 6037 L.,
2059 5943 2096 6021 in

483 6095 567 6200 ipso
585 6093 728 6200 passim
746 6093 836 6200 jugo
850 6115 1012 6191 summo,
1038 6095 1103 6172 ubi
1117 6097 1238 6201 pelles
1254 6096 1422 6176 melioris
1436 6107 1563 6193 nome,
1591 6119 1702 6202 mam
1716 6095 1755 6174 in
1768 6097 1920 6178 devexis
1934 6099 2096 6204 sylvosis

482 6251 702 6359 pallidiores
731 6265 818 6331 sunt
844 6263 885 6332 et
900 6251 1147 6386 raropilosae,
1179 6252 1410 6362 minorisque
1430 6254 1567 6360 pretii3
1596 6279 1682 6336 cum
1700 6257 1834 6337 eodem
1852 6279 1971 6360 porro
1991 6255 2096 6364 nigra

482 6415 599 6494 etiam
626 6409 788 6492 varicus
818 6408 890 6518 (an
918 6410 1126 6520 Lycaoni)
1154 6413 1287 6494 adesse
1316 6413 1475 6530 videtur.

618 6597 788 6654 arcannm
807 6598 895 6654 Faun.
917 6616 993 6672 casp.
1014 6617 1090 6653 cauo.
1939 6601 1956 6651 7
