5648 7752
1103 1155 1106 1160 ,
1170 1055 1467 1168 FAUNAE

788 1448 1845 1584 casulo-caucasum

899 1788 1373 1946 nnosrnnrrouus
1398 1851 1731 1946 onrvnnssn.

511 2681 774 2808 Aurumrmn
786 2788 796 2827 ,
836 2727 875 2806 in
907 2726 1122 2834 regionibus
1153 2724 1491 2834 caspio-caucasiis
1520 2723 1799 2831 indigenarum,
1833 2747 1948 2830 geom
1987 2725 2132 2804 verium

510 2891 750 2996 descripturo
776 2913 853 2969 non
879 2889 947 2970 abs
976 2915 1022 2969 re
1043 2887 1125 2968 iore
1153 2887 1324 2985 videtur,
1355 2887 1540 2993 imprimis
1560 2883 1775 2967 Caucasum
1791 2897 1958 2966 montem
1976 2887 2132 2968 immen-

511 3051 668 3141 sumet
702 3040 981 3118 innumeramm
1008 3037 1174 3144 gentium
1201 3037 1413 3134 arbitrum,
1443 3061 1488 3116 ac
1515 3035 1603 3117 dein
1629 3061 1733 3116 more
1769 3034 1937 3144 caspium
1971 3035 2133 3145 ejusque

511 3196 697 3302 stringere
725 3197 857 3276 littora
892 3194 1047 3292 ordine,
1078 3219 1154 3302 quo
1180 3193 1308 3298 jacent
1320 3209 1342 3292 ,'
1361 3193 1648 3301 peragratisque
1675 3193 1849 3273 omnibus
1861 3254 1873 3292 ,
1904 3219 2013 3302 quae
2026 3221 2133 3276 mare
2196 3211 2199 3223 '

375 3423 380 3449 ,
511 3346 604 3428 illud
631 3358 672 3428 et
697 3345 904 3427 Caucasum
932 3357 1129 3452 spectant,
1165 3347 1400 3452 perlustrare
1426 3345 1544 3425 etiam
1577 3369 1645 3443 ca,
1685 3369 1783 3453 quae
1816 3345 1864 3424 ad
1900 3346 2130 3445 incolamm,

510 3515 686 3585 montosa
718 3503 934 3611 devexaque
977 3502 1052 3583 ista
1085 3501 1403 3598 inhabitantium,
1442 3511 1616 3582 naturam
1660 3501 1846 3608 sedesque
1888 3501 2132 3582 illustrandas

510 3661 851 3768 quomodocunque
877 3657 1054 3742 conferre
1080 3671 1254 3764 possunt.
1372 3713 1374 3718 -

561 3824 646 3904 Jum
664 3824 870 3929 antiquitus
889 3823 1103 3905 celebratus
1121 3834 1182 3902 est
1199 3820 1410 3920 Caucasus,
1433 3823 1534 3928 quod
1548 3822 1728 3902 traditum
1748 3831 1854 3917 erat,
1876 3819 2134 3901 Prometheum

510 3979 690 4060 extremis
717 3977 824 4059 bisce
850 3976 987 4058 finibus
1017 3976 1133 4059 misse
1160 3979 1376 4084 alligatum,
1414 3990 1454 4060 et
1480 3945 1584 4060 milic
1611 3989 1701 4086 post
1734 4005 1852 4060 annos
1888 3981 1937 4060 ab
1972 3981 2136 4062 Hercule

510 4143 661 4223 demum
696 4143 885 4244 solutum3
915 4153 995 4221 tum
1029 4165 1203 4248 quoqne,
1244 4142 1345 4247 quod
1380 4139 1574 4222 serebatur
1607 4139 1750 4239 Iacca,
1789 4169 1876 4223 cum
1906 4143 2078 4254 Castore
2094 4155 2136 4227 et
2171 4131 2177 4144 “

511 4295 688 4392 Polluce,
718 4295 973 4402 longissimam
1000 4295 1115 4372 istam
1141 4293 1277 4372 iecisse
1303 4294 1607 4396 expeditionem,
1639 4321 1714 4400 qua
1740 4321 1978 4400 progressus
2002 4299 2054 4376 sit
2086 4301 2134 4382 ad

511 4453 596 4534 roca
613 4449 781 4532 caucaso
798 4451 943 4548 actm,
972 4449 1038 4529 uos
1065 4413 1103 4527 ni
1131 4449 1216 4527 nco
1244 4444 1434 4528 oscuras
1458 4448 1636 4554 anaqam
1649 4438 1668 4545 ,’
1693 4445 1795 4528 hana
1812 4452 1949 4554 proca
1975 4453 2135 4536 ausast

511 4630 642 4718 amne,
681 4601 828 4684 Phrixi
859 4602 1042 4706 templum
1078 4599 1249 4698 exstitit,
1290 4559 1421 4682 vetcie
1448 4599 1601 4680 velleris
1628 4600 1735 4680 aurci
1770 4595 1897 4680 tabula
1935 4558 2150 4710 inclytum..

511 4759 644 4867 Neque
669 4755 801 4838 minor
819 4757 1021 4839 celebritas
1042 4781 1254 4864 nomenque
1274 4757 1395 4863 caspii
1418 4757 1557 4855 maris,
1589 4783 1703 4864 quum
1727 4757 1799 4839 Co.
1822 4757 1997 4866 Pompcje'
2020 4763 2136 4844 ductu

511 4910 752 5016 exploratum
786 4919 891 4990 esset
926 4904 997 5016 (¹),
1036 4907 1234 4988 ebactris
1261 4907 1310 4987 ad
1345 4906 1468 4988 Oxum
1503 4911 1651 4988 amnem
1678 4907 1718 4986 in
1742 4908 1914 5014 caspium
1950 4935 2054 4990 marc
2088 4939 2133 4996 ac

511 5071 599 5150 dein
624 5070 672 5150 ad
698 5066 837 5175 Cyrum
863 5079 904 5147 ct
930 5065 1072 5146 Phasin
1099 5066 1138 5145 in
1164 5067 1327 5147 Pontum
1362 5065 1503 5146 indicas
1538 5063 1714 5148 devectas
1744 5065 1862 5148 fuisse
1887 5093 2057 5168 merces,
2094 5083 2135 5152 et

511 5217 583 5298 bos
611 5217 726 5298 Asiae
759 5215 1173 5297 orientalisextremos
1207 5213 1300 5296 fines
1335 5215 1551 5298 commercii
1587 5213 1744 5299 vinculis
1787 5216 2012 5323 conjunctos
2049 5245 2135 5302 cum

510 5378 728 5486 praecipuis
770 5377 949 5482 Europae
995 5379 1172 5484 antiquae
1216 5377 1457 5479 civitatibus3
1503 5379 1542 5459 in
1586 5357 1745 5461 Bactrus
1796 5377 1960 5463 scilicet·
1986 5394 2136 5489 septem
2239 5412 2247 5429 ·

510 5529 643 5612 diebus
677 5553 725 5610 ex
751 5527 860 5608 India
886 5527 1150 5633 pertingebant
1176 5528 1224 5608 ad
1253 5529 1404 5610 Icarum
1436 5527 1595 5626 flumen,
1626 5531 1727 5638 quod
1754 5531 1794 5611 in
1819 5530 1964 5631 Qum,
1996 5531 2136 5639 (bodie

512 5689 719 5795 Amuderja
731 5749 742 5789 ,
772 5689 819 5772 ad
844 5690 983 5772 ostium
1002 5690 1042 5770 in
1059 5690 1230 5796 caspium
1256 5717 1362 5770 mare
1388 5692 1501 5796 plane
1527 5693 1760 5777 exsiccatum
1786 5692 1973 5802 munem)
1989 5694 2134 5798 influit,

512 5859 627 5956 atque
654 5848 788 5930 debinc
816 5873 887 5956 per
913 5847 988 5928 hoc
1015 5873 1119 5928 mare
1146 5848 1185 5928 in
1212 5845 1351 5956 Cyrum
1377 5849 1580 5950 devectae,
1610 5821 1777 5960 quinque
1804 5851 1961 5933 circiter
1987 5852 2135 5958 dierum

513 6008 648 6089 itincre
668 6018 820 6088 terreno
849 6005 896 6086 ad
923 6005 1085 6104 Phasin,
1116 6007 1155 6086 in
1182 6005 1345 6087 Pontum
1373 6007 1677 6116 importabantur
1704 6033 1863 6090 merces.
1905 6067 1908 6076 t

556 6349 599 6442 (·)
624 6347 662 6415 c
689 6347 799 6414 Ptine
820 6345 1063 6416 secundine.
1089 6361 1190 6414 natur.
1225 6349 1282 6414 un
1306 6343 1375 6433 vt,
1400 6371 1470 6436 cap.
1495 6329 1601 6414 xurr.

652 6493 823 6552 erenum»
841 6494 929 6550 Fauo.
950 6511 1026 6570 casp
1046 6511 1124 6550 canc.
