5582 7752
1229 1559 1495 1666 roumons
1512 1574 1694 1696 ¹vuuon
1720 1572 1881 1690 ulcu.
1935 1557 1939 1566 '

1279 1871 1824 1962 montemsarculum.
1946 1943 1952 1950 .

1278 2047 1322 2127 L.
1353 2039 1573 2124 leucostc'cta
1600 2036 1720 2120 lacte

1138 2171 1142 2218 ³
1281 2201 1324 2284 L.
1356 2201 1511 2314 caprulas
1538 2224 1588 2279 m.
1622 2195 1781 2301 Zooloq.
1811 2217 1911 2301 spec.
1976 2307 1980 2316 .

805 2539 1008 2632 Cinereus,
1038 2537 1154 2617 dorso
1182 2533 1365 2654 lucidiore
1391 2529 1628 2638 pedibusque
1664 2549 1830 2632 superne
1856 2521 2178 2630 nigropunctatis,
2216 2519 2366 2626 punctis

752 2701 857 2782 dorsi
883 2697 1110 2796 numerosis,
1141 2720 1212 2802 per
1229 2695 1349 2778 series
1368 2691 1656 2802 longitudinales
1674 2685 1938 2794 subregulares
1956 2685 2152 2794 dispositis
2170 2696 2211 2768 at
2227 2685 2370 2792 passim

633 2817 635 2822 V
755 2857 802 2940 ad
821 2859 939 2938 lineas
957 2855 1082 2962 nigras
1099 2810 1387 2950 confluentibus,
1418 2851 1542 2930 latera
1558 2846 1733 2953 corporis
1751 2845 1884 2926 ocellis
1902 2844 2091 2958 coeruleis
2109 2855 2195 2926 atro
2214 2844 2368 2950 latoque

754 3011 924 3119 margine
949 3007 1098 3106 cinctis,
1129 3008 1285 3114 poetice
1304 3003 1542 3112 incompletis
1562 3003 1676 3110 inquo
1694 3026 1767 3084 una
1785 3000 1886 3080 serie
1904 2999 1989 3079 sitis
2007 3010 2156 3098 ornata,
2185 2999 2370 3080 abdomm

755 3193 804 3248 en
830 3165 926 3248 llavo
953 3165 1103 3261 album,
1133 3161 1254 3244 cauda
1281 3163 1478 3270 elongata,
1511 3157 1733 3266 fragillima,
1763 3155 2076 3238 subverticillata.

809 3345 909 3425 Hab.
941 3344 979 3422 in
1006 3342 1138 3424 littore
1164 3341 1296 3452 caspio
1324 3339 1524 3438 orientali,
1565 3335 1754 3418 ininsula
1780 3331 2038 3433 Tscbeleluiiu,
2068 3335 2115 3416 ad
2141 3335 2265 3416 sinum
2290 3333 2371 3418 bal·

756 3497 985 3578 chaneusem
1004 3491 1075 3604 (¹),
1106 3494 1185 3575 telo
1212 3493 1393 3607 uelocior.

811 3675 957 3782 Corpus
975 3683 1228 3782 attenuatum,
1239 3674 1476 3784 elongatum,
1497 3673 1617 3775 cauda
1634 3671 1753 3755 multo
1772 3669 1956 3778 lonffi'ore,
1976 3681 2092 3777 caput
2105 3628 2371 3767 senoniensium,

762 3839 916 3944 regione
951 3835 1224 3942 supmorbitali
1259 3847 1301 3916 et
1333 3837 1487 3916 naribus
1514 3835 1765 3940 prominulie3
1803 3846 1952 3916 scutum
1979 3835 2180 3940 occipitalc
2207 3837 2371 3936 nullum,

761 4011 872 4083 scuta
896 3999 1098 4106 parietalia
1115 3998 1291 4094 mamma,
1321 3997 1592 4104 subquadrata,
1623 3996 2115 4104 iuterparietaloexiguum,
2144 3997 2372 4104 elongatum,

761 4157 955 4248 anteriora
982 4183 1114 4245 tersus
1129 4176 1134 4190 ·
1149 4156 1350 4238 dilatatum
1383 4155 1635 4253 includentis,
1672 4165 1823 4239 scutum
1858 4153 2023 4239 frontale
2050 4159 2174 4238 multo
2197 4158 2309 4238 latius
2337 4169 2377 4238 et

762 4322 931 4428 lougius,
968 4319 1096 4400 medio
1131 4327 1393 4415 coarctatum,
1429 4319 1547 4406 utin
1582 4317 1830 4401 antecedente
1865 4330 1906 4404 et
1941 4333 2124 4428 aequente
2151 4321 2374 4425 speciebas3

763 4500 943 4586 squamae
979 4487 1195 4580 temporum
1228 4473 1419 4570 minutos,
1458 4471 1660 4555 interiores
1687 4485 1737 4554 ‘et
1773 4475 2009 4581 posteriores
2035 4474 2185 4580 {paullo
2210 4475 2377 4580 majores

766 4626 1021 4726 intermediis,
1068 4599 1227 4744 scutella
1272 4625 1419 4724 adalia,
1463 4625 1687 4708 intermedia
1722 4629 1864 4734 passim
1900 4587 2048 4728 majora
2083 4627 2374 4732 marginalibus,

766 4793 977 4877 minoribus
1012 4791 1098 4874 aliis
1135 4789 1346 4898 graaalosis
1382 4790 1527 4888 cincta;
1565 4791 1709 4876 collare
1746 4803 1827 4870 tota
1854 4787 2050 4870 latitudine
2079 4789 2264 4888 liberum,
2303 4815 2379 4869 non

767 4951 947 5036 adnatum
971 4952 1119 5048 medio,
1138 4948 1359 5056 -squamulis
1384 4947 1595 5053 granulosis
1622 4949 1696 5030 sub
1721 4947 1857 5030 eodem
1883 4945 2023 5053 ubique
2050 4947 2278 5052 conspicuis.

765 5181 769 5188 .
822 5107 989 5193 Scutella
1022 5104 1275 5188 abdominalia
1300 5101 1683 5209 suluuadraugularia
1709 5125 1780 5221 per
1806 5101 2003 5184 duodecim
2018 5102 2141 5184 series
2168 5101 2378 5208 disposita,

771 5255 945 5335 seriebus
974 5253 1081 5333 hisce
1109 5253 1263 5359 oblique
1291 5252 1538 5332 transversim
1565 5253 1603 5330 in
1631 5263 1792 5356 utroque
1821 5252 1939 5332 latere
1966 5252 2066 5349 sitis,
2092 5263 2136 5332 ut
2154 5251 2381 5336 indlinibus

772 5408 1024 5490 Podarcibus.
1066 5405 1251 5514 Squamae
1285 5407 1461 5514 corporis
1498 5409 1647 5506 laeuos,
1687 5432 1761 5486 nou
1788 5409 2002 5512 carinatas,
2040 5409 2215 5490 caudales
2250 5409 2384 5489 subca-

687 5673 689 5678 ,
773 5569 931 5652 rinatae.
984 5668 987 5676 ‚
1102 5660 1104 5669 ¹

769 5895 797 5940 Ἀ
817 5885 860 5981 (“)
881 5884 952 5952 Non
981 5893 1113 5975 genuina
1135 5887 1176 5956 L.
1201 5889 1307 5956 velox
1330 5887 1423 5956 Patl.
1447 5915 1515 5960 esse
1537 5893 1676 5977 uidetur,
1707 5917 1799 5978 quam
1821 5897 1863 5960 cl.
1889 5891 1998 5960 Milne
2020 5889 2188 5958 Edwards
2211 5895 2234 5957 l.
2259 5915 2289 5958 o.
2315 5916 2385 5979 pag.

775 5997 820 6064 78
842 5997 984 6108 e*Gallia
1013 6004 1139 6068 australi
1160 5993 1476 6104 descripsitpueque
1497 6005 1537 6071 L,
1562 5995 1722 6072 boaliano
1745 6004 1862 6092 Daad.
1888 6029 1960 6073 cum
1983 6017 2086 6071 nostra
2109 6005 2243 6072 conferri
2265 6017 2386 6091 potest;

776 6133 904 6202 utraque
935 6117 1015 6183 notis
1039 6141 1130 6202 supra
1158 6123 1306 6207 expositis
1329 6111 1376 6187 vel
1407 6125 1537 6189 maxime
1567 6127 1684 6204 recedit
1714 6121 1794 6188 aL.
1819 6123 1948 6191 veloce.
1974 6163 2017 6173 -
2040 6119 2079 6186 ln
2102 6119 2228 6188 Musaeo
2252 6120 2387 6186 Vindob.

776 6241 936 6295 servantur
965 6233 1043 6294 duae
1065 6229 1225 6294 uarietates
1247 6229 1411 6298 &certae
1433 6231 1591 6298 muralis:
1616 6227 1788 6299 Podarces
1801 6207 2036 6324 'clulomgoster
2063 6231 2099 6297 F
2099 6219 2163 6297 ita,
2186 6231 2199 6322 (
2211 6253 2275 6296 var.
2301 6225 2391 6316 Sapis

778 6347 904 6412 muralis
927 6343 1044 6436 Lacr.)
1067 6321 1096 6412 et
1120 6344 1209 6410 Pod.
1237 6347 1415 6430 Memmii,
1436 6353 1545 6438 pictas
1569 6345 1664 6416 Fitz.
1689 6350 1770 6443 (var.
1795 6349 1877 6418 Lac.
1903 6348 2091 6418 maculatae
2108 6348 2237 6436 Lean),
2262 6345 2392 6416 erar-

777 6477 886 6522 soneso
909 6455 1025 6520 laiurica
1048 6457 1166 6521 allatae.
1697 6471 1699 6474 ·
