5582 7752
1100 847 1361 938 ...na

450 1053 510 1134 Ἀ
536 1029 709 1136 emersis
727 1064 818 1135 vtro
845 1059 886 1132 et
911 1046 1063 1154 persica
1079 1007 1264 1126 satietate
1286 1031 1386 1122 'selei
1412 1041 1660 1122 santonorum
1686 1042 1885 1150 utriusque
1909 1053 2033 1126 testae

392 1169 536 1320 'ptrue
575 1211 690 1293 mesi
702 1242 712 1310 3
748 1219 912 1318 quaem
948 1205 1094 1286 seirius
1128 1211 1228 1286 msa
1243 1253 1247 1260 ·
1263 1193 1508 1306 sonuum
1543 1201 2034 1298 sensimsensrm

423 1362 608 1444 videtete
622 1357 747 1467 nigra,
776 1375 941 1466 superne
956 1354 1115 1438 benedis
1133 1347 1479 1459 maioribntllttis,
1503 1349 1665 1430 termam
1684 1352 1875 1432 radiortnb
1890 1356 2035 1458 parba

339 1479 343 1486 ’
424 1525 676 1608 ommonem
704 1539 895 1632 sepeque
919 1509 1191 1604 coementum
1218 1517 1414 1624 nutuque
1436 1513 1711 1612 ammoniam,
1742 1511 1886 1594 unns
1913 1513 2032 1614 mes,

425 1681 473 1766 ud
507 1691 659 1766 saturas
695 1686 802 1791 nigra
828 1689 893 1762 aut
919 1679 1254 1787 nigre-morulam,
1293 1671 1493 1782 utriusque
1523 1661 1899 1757 commisissemus
1926 1675 2035 1782 nigro

425 1833 599 1941 dareque
616 1832 834 1932 mectrletis3
864 1831 950 1911 telis
967 1827 1137 1910 accurrit
1153 1827 1193 1908 tu
1211 1825 1361 1908 liteiiae
1377 1823 1610 1906 convallibus
1628 1823 1821 1930 paludosis
1838 1833 1881 1904 at
1896 1823 2034 1924 tluriis,

427 1985 567 2096 Cyrum
593 2011 740 2068 amnem
766 1985 998 2092 petentibus.

479 2151 563 2232 lam
589 2173 680 2232 vero
710 2149 866 2258 persiae
893 2149 1080 2245 varietas,
1118 2147 1158 2226 in
1191 2135 1630 2250 paludosis'proviucine
1655 2144 2034 2244 Maeanderaueusis‚

427 2299 466 2378 in
484 2298 607 2379 calida
627 2299 771 2404 passim
791 2324 890 2406 aque
911 2297 1146 2378 thermarum
1162 2287 1446 2376 Gbilnrricarum
1457 2319 1534 2378 una
1550 2319 1638 2376 cum
1650 2291 1902 2378 antecedente
1921 2295 2038 2404 Empe

429 2449 563 2560 caspia
591 2452 724 2550 osvii,
755 2451 956 2560 insignitur
982 2462 1082 2533 issa
1107 2444 1251 2530 sorsat
1278 2451 1526 2558 wesema,
1555 2450 1595 2530 n
1618 2451 1745 2532 muris
1770 2463 1882 2558 purte
1909 2477 2041 2535 vasus
2160 2429 2168 2442 ’

429 2612 637 2710 anteriora,
660 2612 707 2692 ad
720 2623 921 2718 utrumque
940 2611 1038 2692 latus
1057 2621 1264 2708 commun,
1289 2611 1512 2715 posteriora
1524 2633 1656 2692 versus
1674 2611 1843 2712 dilatata,
1873 2625 2043 2694 ceterum

429 2803 479 2858 er
495 2776 602 2882 nigro
621 2775 753 2876 viridi,
781 2773 886 2854 flavis
905 2774 1027 2884 iisque
1045 2773 1208 2854 minimis
1226 2773 1378 2878 punctis
1396 2771 1714 2854 numerosissimis
1733 2785 1865 2859 notata
1879 2775 2042 2882 ideoque

430 2927 624 3008 subtiliter
648 2925 966 3031 flavo-punctam,
996 2925 1156 3008 ventrali
1190 2887 1317 3028 autem
1344 2934 1444 3006 testa
1470 2951 1521 3008 ex
1544 2925 1641 3008 flavo
1669 2923 1794 3026 tusca,
1824 2929 2041 3035 concolori;

432 3087 615 3167 lateribus
652 3086 813 3192 denique
849 3084 1012 3164 dorsalis
1049 3095 1172 3165 testae
1208 3083 1256 3164 ad
1291 3083 1483 3164 cardinem
1517 3083 1645 3185 ilaris,
1683 3083 1772 3166 hinc
1807 3085 1893 3168 inde
1919 3087 2045 3194 nigro-

307 3203 318 3338 ³.
432 3235 653 3334 maculatis;
682 3234 929 3316 antecedente
956 3233 1100 3332 minor,
1131 3257 1219 3312 raro
1246 3232 1539 3340 magnitudinem
1565 3233 1617 3314 Ε.
1647 3260 1856 3344 europaeor
1873 3238 2045 3346 vulgatae

433 3389 661 3498 assequitur.

787 3648 1019 3732 russone
1045 3647 1201 3730 renas
1229 3584 1370 3730 risu.
1402 3648 1492 3730 rm.
1524 3660 1614 3731 ves
1641 3677 1689 3730 o.

486 3937 519 4022 E
546 3939 793 4022 terrestribus
821 3935 927 4018 ibera
952 3935 1094 4020 haecce
1122 3936 1271 4044 species
1300 3937 1339 4016 in
1365 3939 1487 4018 osenia
1517 3936 1597 4020 iere
1623 3939 1774 4022 Iberiae
1792 3941 2047 4056 Albaniaeque

434 4103 576 4186 veteris
620 4103 783 4210 sylvosis
825 4127 900 4182 una
940 4124 1027 4182 cum
1056 4100 1175 4207 Emyc
1211 4125 1400 4208 europaeo
1434 4099 1537 4206 degit
1572 4103 1775 4210 multisque
1810 4107 1911 4188 notis
1952 4111 2047 4193 adeo

436 4267 650 4371 discrepat,
680 4275 723 4343 ut
744 4263 924 4370 ‘generice
952 4261 1116 4344 sortasse
1144 4285 1166 4341 a
1199 4257 1397 4340 Testudinis
1423 4259 1684 4369 distinguenda
1710 4267 1772 4346 sit.

490 4425 606 4508 Teste
630 4423 713 4530 ejus
732 4424 1019 4522 connexissima,
1050 4417 1295 4504 obtusissimo
1312 4423 1479 4530 margine
1498 4425 1674 4532 utrinque
1696 4437 1839 4529 notata,
1870 4437 2049 4520 neutralis

438 4575 615 4674 maxima,
645 4571 818 4679 ejusdem
845 4571 925 4656 lere
952 4597 1038 4654 cum
1055 4571 1198 4655 dorsali
1217 4570 1482 4681 longitudinis3
1511 4575 1631 4656 cauda
1647 4575 1890 4681 brevissima,
1921 4585 2046 4690 plana,

439 4733 643 4842 depressa,
673 4731 772 4830 lata,
804 4731 942 4811 obtuso
970 4729 1079 4838 epioe
1107 4731 1528 4852 rotundatodepresso.

493 4894 661 4976 Scutella
687 4893 853 4973 dorsalia
879 4893 1068 4999 angulata,
1099 4892 1174 4974 alia
1200 4891 1418 5016 bettegene,
1448 4893 1522 4974 alia
1548 4901 1782 4998 pentagona,
1821 4897 1897 4980 alia
1924 4911 2052 5010 trape-

442 5051 574 5134 zoidea
600 5037 763 5158 ideoque
790 5013 1026 5156 irregularia,
1057 5047 1183 5129 omnia
1199 5045 1387 5154 pmluude
1405 5049 1564 5147 sulcata,
1595 5045 1710 5130 sulcis
1737 5077 1866 5133 secum
1891 5055 2053 5142 invicem

441 5221 482 5290 et
516 5171 602 5288 cum
637 5203 865 5312 marginibus
894 5205 1139 5290 scutellorum
1165 5203 1403 5311 paralleliter
1426 5203 1743 5308 decurrentibus3
1780 5213 1938 5294 scutella
1964 5243 2053 5298 veu—
2205 5194 2215 5212 ’

443 5361 566 5474 ιταΙίειο
584 5357 699 5442 sulcis
718 5359 766 5440 in
791 5345 937 5442 rectum
971 5359 1146 5467 angulum
1174 5359 1429 5467 utplurimum
1462 5357 1747 5446 conniventibus
1773 5375 1927 5466 notata,
1958 5369 2053 5452 late·

435 5519 539 5600 ·'ralla
564 5509 705 5598 detrita
731 5523 772 5596 et
797 5510 1004 5622 laevigata,
1033 5513 1218 5597 lateribus
1244 5513 1514 5596 obtusissimis.

486 5661 676 5783 ‘Corporis
704 5687 883 5784 sqtremae
909 5692 1058 5782 parvae
1069 5735 1081 5774 ‚
1119 5685 1158 5756 et
1181 5675 1372 5757 maximae
1389 5683 1658 5757 extremorum
1676 5675 1821 5782 pedum
1844 5680 2055 5768 anticorum

436 5847 752 5934 'compressorum
778 5835 818 5909 et
850 5828 1085 5935 poeticorum
1111 5829 1298 5911 'teretium
1329 5831 1554 5938 plantasque
1587 5828 1817 5910 incrassatas
1851 5843 1893 5913 et
1925 5847 2056 5919 rotim-

446 5985 554 6072 datas
583 5987 835 6088 offerentium,
864 6015 921 6070 sc.
943 5990 1146 6098 superficie
1173 5992 1260 6071 latis
1288 5989 1454 6098 squamis
1483 6001 1522 6071 et
1549 5989 1733 6097 elongatis
1752 5987 1908 6102 fereque
1925 6001 2056 6104 ungui-

449 6123 632 6204 lormibus
667 6124 875 6224 instructa,
914 6125 1070 6231 siugulis
1106 6126 1325 6206 incrassatis
1360 6127 1399 6204 in
1432 6125 1689 6208 conformibus
1716 6129 1814 6208 cutis
1836 6131 2055 6216 eminentiis

322 6283 326 6302 '
438 6274 665 6356 durioribus
700 6277 914 6384 impositis,
953 6275 1229 6358 antibranhium
1257 6277 1404 6384 spadum
1436 6278 1649 6360 anticorum
1673 6279 1920 6363 birmrmcima
1946 6309 2057 6368 occu-

319 6547 323 6556 ’
448 6435 648 6540 pentibus,
674 6445 725 6522 ·a't
750 6438 995 6544 porticorum
1020 6439 1147 6522 tibiae
1173 6437 1333 6546 partem
1362 6437 1581 6525 inferiorem
1607 6443 1845 6544 tenentibus,
1870 6445 2056 6554 urrguibm
