5582 7752
1468 885 1734 968 ..xc-

794 1073 1444 1170 nccumaostracmlumlemla;
1482 1073 1598 1177 hujus
1630 1073 1884 1153 euimcauda
1921 1071 2002 1152 lere
2037 1073 2230 1152 dimidiam
2265 1085 2412 1176 partem

795 1234 893 1308 scuti
920 1232 1090 1309 accedit:
1118 1233 1260 1309 collum
1286 1255 1405 1338 porro
1430 1229 1517 1333 ejus
1544 1233 1585 1310 iu
1610 1229 1792 1310 interiore
1816 1243 1930 1336 parte
1957 1255 2026 1308 sex
2051 1229 2132 1310 tere
2150 1231 2278 1310 [asciis
2296 1231 2410 1309 luteis

796 1382 1129 1486 bugitudiualssm
1155 1393 1349 1478 notatum,
1378 1383 1418 1459 iu
1443 1393 1576 1459 nostra
1601 1406 1694 1460 rero
1720 1381 1838 1485 duplo
1863 1381 2012 1482 majore
2034 1405 2193 1459 numero
2211 1379 2414 1459 [asciam

794 1539 1146 1644 approximatam
1171 1538 1326 1615 excellit
1349 1537 1502 1643 abaqffi
1525 1537 1678 1616 ‹leu-
1704 1536 1827 1616 lom
1850 1537 1949 1616 scuti
1967 1537 2141 1634 dorsalis,
2169 1537 2222 1642 (r.
2243 1549 2414 1614 nostram

795 1701 892 1780 tab.
921 1701 1040 1798 III),
1069 1727 1145 1779 non
1172 1712 1250 1778 lam
1277 1700 1345 1778 lati
1371 1699 1590 1804 posteriora
1605 1723 1763 1794 versut,
1793 1711 1836 1776 tri
1857 1697 2054 1803 slmmyr's
2079 1698 2251 1776 adriatici
2278 1698 2409 1776 maris.

796 1856 843 1935 la
867 1859 1009 1937 ceteris
1039 1857 1219 1963 Clenruyr
1252 1855 1386 1964 cuspin
1419 1855 1595 1961 generice
1629 1857 1756 1934 differt
1789 1855 1841 1932 ab
1866 1855 1920 1932 Ε.
1956 1882 2144 1962 europaeo
2171 1854 2216 1933 I.
2252 1853 2414 1958 aliisque

796 2012 995 2090 affmilurs:
1033 2041 1119 2090 uam
1155 2025 1318 2117 utraque
1344 2023 1469 2106 testa,
1499 2013 1661 2088 dorsalis
1688 2023 1727 2089 et
1755 2012 1961 2106 reutralis,
1990 2037 2066 2088 uon
2092 2011 2222 2087 mobili
2250 2011 2413 2114 quodam

794 2169 972 2266 arom,
999 2167 1230 2272 protundum
1255 2169 1401 2245 srdtum
1427 2168 1529 2246 iuter
1553 2179 1754 2272 utramque
1783 2168 1887 2244 illam
1909 2169 2115 2260 ollereute,
2144 2168 2212 2246 sed
2231 2166 2413 2244 immobili

795 2323 974 2426 juxrctrira
998 2325 1227 2431 omninoque
1253 2349 1365 2404 ossea
1389 2324 1652 2420 connectitur,
1680 2335 1794 2402 acuto
1820 2351 1844 2404 e
1870 2324 2091 2402 lateralibus
2118 2324 2289 2402 scutellis
2315 2347 2416 2400 mar-

794 2481 882 2586 gine
907 2493 1129 2576 exstructo,
1166 2479 1329 2586 indeque
1355 2481 1395 2560 iu
1420 2481 1576 2586 planum
1600 2481 1806 2578 demum,
1836 2482 1992 2588 oblique
2016 2482 2247 2562 descendeus
2281 2507 2416 2560 excur-

798 2651 929 2734 rente,
957 2665 1034 2745 quo
1060 2638 1125 2726 lit,
1145 2651 1190 2716 ut
1207 2637 1454 2718 testainboc
1473 2665 1635 2744 genere,
1664 2639 1850 2744 abEuqe
1867 2641 2007 2719 merito
2024 2639 2279 2745 seerudo,
2303 2639 2416 2743 plane

798 2795 1001 2871 immobilis
1027 2795 1080 2871 sit
1107 2805 1147 2872 et
1184 2792 1265 2872 lere
1304 2805 1345 2869 ut
1383 2795 1421 2871 iu
1456 2795 1705 2873 terrestribus
1738 2795 2001 2873 Testudim'bus
2040 2803 2269 2888 exstructa3
2306 2792 2414 2870 deest

796 2979 950 3062 quoque
974 2955 1127 3034 mobilis
1153 2953 1350 3056 junctura,
1389 2955 1490 3034 iuter
1520 2955 1756 3058 pectoralem
1781 2967 1931 3058 partem
1956 2965 1997 3033 et
2023 2953 2301 3032 abdomiualem
2324 2977 2415 3028 reu-

797 3111 905 3189 tralis
933 3123 1056 3190 testae
1082 3109 1327 3188 transversim
1359 3109 1399 3187 in
1438 3111 1599 3215 genuina
1625 3109 1744 3217 [ruys
1775 3111 2041 3208 intercede-3
2076 3137 2102 3190 a
2133 3111 2207 3190 cel
2243 3109 2415 3213 ll'uqlno

797 3263 925 3368 itaque
952 3261 1090 3341 mito
1120 3260 1301 3368 Ctmuys
1325 3261 1478 3342 dicitur.

847 3425 1002 3532 [uguoe
1027 3437 1232 3530 praeterea
1257 3426 1397 3530 pedum
1423 3426 1615 3532 longiores
1642 3452 1852 3530 parumper
1876 3425 2077 3530 minusque
2104 3423 2270 3518 incurri,
2300 3447 2413 3527 quam

794 3585 836 3661 in
869 3583 923 3661 E.
952 3610 1168 3691 europueu5
1203 3608 1384 3688 squamae
1418 3583 1561 3687 pedum
1589 3582 1763 3660 nouuilril
1798 3582 1991 3676 minores,
2028 3579 2148 3660 cauda
2180 3579 2414 3684 aliquantum

794 3739 987 3836 crassior,
1013 3747 1057 3818 'at
1080 3738 1238 3819 breuior
1261 3749 1303 3818 ct
1327 3737 1523 3818 subtiliter
1548 3739 1801 3820 tubercuhta.

849 3894 1025 3972 Dorsalis
1062 3905 1162 3972 testa
1189 3893 1244 3997 (T
1244 3894 1307 3969 ub.
1327 3891 1432 3996 111.)
1468 3917 1635 3994 superne
1661 3893 1825 3970 obscure
1852 3890 2008 3984 uiridis,
2046 3887 2229 3966 centralis
2255 3886 2410 3982 llaridc,

796 4051 981 4130 lateribus
1007 4045 1305 4153 nigro-llaxoquc
1331 4044 1544 4124 maculatis.

846 4205 1033 4304 Quartum
1049 4231 1122 4311 pax
1136 4205 1384 4286 scutellonun
1400 4201 1654 4308 pectoralium
1669 4199 1838 4278 omnium
1854 4197 2103 4296 latissimum
2132 4209 2233 4276 testa
2248 4197 2411 4276 dorsalis

795 4389 868 4470 pro
893 4365 1021 4470 capite
1038 4361 1263 4466 excipiendo
1280 4360 1406 4440 autice
1423 4359 1670 4464 emargiuata,
1699 4367 1741 4436 et
1758 4357 1938 4436 xeutmlis
1957 4356 2022 4436 illa
2038 4354 2187 4461 postice
2205 4377 2277 4460 pro
2293 4353 2413 4432 cauda

795 4521 1020 4626 profundius
1047 4518 1191 4614 excisa,
1220 4541 1318 4622 quae
1343 4516 1519 4596 excisura
1543 4515 1600 4594 ibi
1624 4513 1805 4620 pollicem
1833 4511 1914 4594 lere
1940 4515 2019 4592 lata
2043 4525 2085 4594 et
2110 4511 2306 4591 dimidium
2322 4534 2413 4613 pro

798 4681 911 4763 funda
935 4671 1028 4763 est(
1470 4671 1478 4684 '

851 4836 1061 4916 Scutellum
1085 4835 1181 4916 satis
1208 4859 1383 4940 maguum
1410 4833 1671 4938 irregulariter
1699 4831 1943 4937 triangulare,
1973 4831 2072 4910 iuter
2087 4831 2284 4934 pectorale
2301 4855 2414 4934 quar-

797 4999 879 5066 tum
912 4997 955 5066 ct
987 4985 1192 5092 septimum
1226 4983 1433 5089 margiuale
1467 4981 1646 5088 utrinque
1682 4982 1892 5078 intrusum,
1930 4977 2327 5086 supernumerarium,
2364 4978 2415 5056 ab

796 5140 916 5246 Emyc
941 5166 1130 5247 curopucu
1154 5142 1334 5237 alienum,
1363 5139 1404 5218 iu
1429 5139 1677 5220 terrestribus
1704 5162 1796 5218 tero
1829 5135 2089 5216 testudinibus
2114 5135 2413 5216 excutt'mimum

796 5297 973 5384 notatur,
1003 5299 1046 5366 ut
1069 5287 1151 5392 jam
1175 5287 1249 5368 bac
1274 5289 1323 5368 de
1348 5313 1465 5370 causa
1490 5287 1755 5370 intermedium
1781 5309 1898 5394 genus
1925 5285 2145 5366 constituat.

1272 5545 1279 5552 ’
1342 5601 1486 5684 mus
1511 5601 1786 5686 emortui
1818 5600 1864 5680 x.

853 5813 969 5920 Eurys
995 5839 1184 5924 europaeo
1218 5814 1259 5892 iu
1284 5812 1460 5892 omnibus
1488 5811 1569 5894 lere
1594 5811 1716 5894 fluviis
1742 5810 1908 5892 Rossice
1934 5809 2215 5906 meridionalis,
2253 5809 2414 5889 Pontum

798 5999 978 6080 mareque
995 5977 1167 6079 caspium
1183 5974 1418 6081 petentibus,
1438 5973 1638 6080 indigem
1656 5971 1965 6082 frequentissima
1981 5973 2021 6051 iu
2038 5972 2162 6080 l'olgu
2177 5985 2218 6054 et
2235 5973 2413 6081 Rbrmno

797 6131 985 6240 amnibus,
1015 6129 1176 6236 indeque
1203 6132 1393 6212 orientem
1418 6155 1553 6212 versus
1580 6129 1629 6210 od
1646 6127 1923 6239 Oreuburgium
1938 6157 2061 6240 usque
2078 6129 2262 6229 excurrit,
2291 6157 2413 6238 eaque

797 6295 968 6375 scutellis
996 6291 1152 6400 siugulis
1179 6293 1336 6372 sulcatis
1360 6305 1528 6390 notatur,
1559 6291 1674 6376 sulcis
1692 6291 1798 6378 hisco
1815 6319 1902 6378 cum
1919 6295 2168 6380 scutellorom
2183 6295 2414 6402 marginibus

798 6450 1034 6556 pamlleliter
1058 6445 1360 6530 decurrentibus.
