5648 7752
1139 863 1401 946 ...39—

514 1056 565 1136 Ε.
585 1053 782 1136 Sraaicolis
819 1053 1035 1157 prorniscue
1071 1077 1157 1133 oum
1194 1052 1265 1130 illis
1303 1051 1456 1155 sylvosa
1484 1061 1613 1133 tenerit
1643 1047 1687 1128 S.
1721 1049 1900 1128 omnatdc
1929 1045 2078 1142 Baalst

463 1207 649 1314 (or'tr'flora
677 1207 779 1286 Poll.
789 1206 835 1313 ),
875 1205 1078 1313 stapazr‘m
1112 1203 1272 1296 lasau,
1303 1193 1457 1282 radetr'a
1484 1201 1634 1284 Bcclrst.
1663 1211 1706 1283 et
1732 1201 1900 1284 rudicula
1927 1200 2078 1284 asota

461 1387 533 1448 nec
561 1387 636 1442 non
662 1365 826 1442 saltator
853 1360 955 1444 Mau.

517 1546 629 1629 lluud
653 1546 913 1654 infrequentes
941 1569 1092 1651 quoque
1121 1545 1159 1624 io
1185 1545 1521 1650 caspiacaucasiis
1550 1541 1750 1626 Mataauila
1771 1542 1965 1647 fluoosL„
1996 1543 2083 1660 oldq

380 1799 389 1828 ἱ
463 1707 507 1787 L.
548 1719 589 1788 et
623 1707 925 1814 melaaaceplralo
950 1705 1110 1798 Licha,
1150 1703 1379 1812 Musa-icapa
1413 1704 1560 1809 qrt'rola
1585 1702 1630 1782 L.
1660 1711 1702 1782 et
1729 1701 1911 1783 uta‘cotta
1945 1703 2079 1781 Taum.

463 1893 533 1948 nse
558 1891 635 1946 non
665 1866 806 1946 uasa
836 1831 992 1944 atara
1020 1865 1145 1945 stass.
1174 1878 1218 1946 a
1243 1841 1367 1944 aar
1391 1865 1435 1943 c.
1468 1864 1579 1971 (aaa
1603 1863 1742 1971 ceap.

518 2025 648 2108 Missis
673 2023 753 2126 jam
782 2021 886 2104 hisae
915 2026 1083 2123 caaom's,
1116 2025 1414 2132 frequentissimi
1438 2024 1634 2133 passarioi
1657 2025 1698 2104 in
1716 2023 1850 2106 iisdem
1869 2026 2084 2129 regiamm

464 2189 714 2294 proveniunt,
740 2189 800 2268 'sic
827 2189 970 2268 astans
998 2190 1183 2298 ropcstrr's
1203 2189 1324 2286 aaa,
1356 2191 1535 2270 ardorem
1555 2188 1724 2284 Becdst„
1756 2187 1904 2268 Alauda
1922 2188 2083 2266 arboreo

464 2351 526 2448 L,
552 2353 758 2462 pispalctta
785 2353 906 2450 Part,
938 2353 1107 2435 aracam‘s
1136 2354 1197 2448 L,
1229 2353 1405 2462 alpcstris
1433 2355 1495 2447 L.,
1526 2355 1712 2466 catlaodra
1740 2351 1801 2444 L,
1845 2351 2014 2428 cristato
2042 2349 2083 2427 L.

466 2513 635 2594 tatam'co
663 2513 784 2608 Pata,
815 2517 1042 2596 dimacaloto
1069 2513 1172 2599 Mas.

518 2699 549 2778 ll
577 2697 698 2777 Poris
716 2700 924 2805 praecipue
949 2708 1129 2780 notantur
1148 2697 1197 2778 P.
1221 2701 1405 2778 caudatos
1424 2697 1486 2792 L,
1511 2697 1698 2808 palustris
1727 2695 1789 2790 L.,
1821 2696 2001 2774 aristatas
2021 2689 2082 2789 L,

466 2859 657 2935 coeruleus
687 2859 748 2951 L.,
780 2871 862 2936 ater
890 2855 933 2936 L.
966 2857 1236 2963 (carbonarias
1255 2855 1381 2962 Poll.)
1409 2867 1449 2936 et
1476 2858 1598 2960 major
1617 2855 1659 2934 L.
1692 2853 1928 2965 (srr'aqr'llaqo
1963 2853 2088 2962 Pata)

465 3035 589 3116 neque
617 3008 667 3088 P.
693 3011 918 3119 peadalr'oas
947 3014 989 3092 L.
1023 3013 1061 3090 in
1088 3011 1449 3116 septentrionalibus
1478 3013 1618 3117 caspiis
1646 3013 1897 3094 desideratur.

519 3166 806 3247 Emberr'zarum
841 3194 960 3272 porro
989 3171 1045 3248 vis
1084 3170 1122 3247 in
1158 3169 1344 3249 caucasiis
1379 3179 1556 3265 notatur3
1597 3167 1652 3247 sic
1690 3167 1740 3245 E.
1779 3167 1978 3246 hortolano
2013 3169 2083 3268 L,

466 3327 632 3406 miliaria
670 3329 738 3424 L.,
779 3331 841 3408 cia
878 3331 948 3424 L,
988 3331 1175 3409 cr'trr'oello
1212 3331 1282 3426 L.,
1321 3331 1621 3438 melaaocepdala
1659 3330 1775 3438 Scap,
1815 3331 2086 3436 (Xaotdorous

465 3488 665 3566 caucasias
693 3487 827 3596 Poll.)
864 3489 1037 3596 aliaeque
1066 3515 1208 3586 navae,
1240 3491 1321 3568 soil.
1362 3491 1408 3569 E.
1440 3490 1690 3596 qroaatr'oora
1718 3489 1856 3570 Manat.
1887 3502 1927 3570 et
1954 3491 2086 3598 caspia
2243 3517 2250 3526 ·

467 3641 632 3737 Manca,
671 3669 793 3752 neque
829 3645 966 3725 desunt
1002 3645 1041 3721 in
1069 3645 1264 3725 occidente
1293 3647 1340 3724 ud
1367 3645 1530 3724 Pontum
1559 3643 1667 3722 Emb.
1694 3643 1880 3750 palustris
1916 3643 2015 3723 Tem.
2046 3659 2086 3727 et

466 3804 616 3884 cinerea
651 3803 809 3885 Striclcl.

518 3961 602 4041 Jam
641 3989 731 4042 vero
768 3961 1041 4069 Frr'aqillaram
1077 3963 1294 4068 complures
1332 3965 1480 4069 species
1518 3965 1652 4044 eadem
1690 3963 1857 4042 incolunt
1873 3977 1879 3990 ’
1898 3963 2087 4046 maritima

467 4123 619 4228 sylvosa
656 4133 695 4200 et
732 4135 927 4218 montosa,
967 4134 1009 4200 ut
1038 4121 1086 4199 F.
1121 4121 1308 4200 carduelis
1335 4120 1406 4216 L.,
1447 4122 1589 4199 ltaarc‘a
1617 4121 1687 4215 L.,
1725 4121 1854 4228 spinas
1889 4123 1959 4216 L,
1999 4151 2088 4202 caa-

467 4272 607 4352 oadr'oa
634 4241 703 4370 L.,
735 4277 875 4355 coelebs
901 4273 971 4369 L,
1003 4273 1142 4352 chloris
1170 4273 1238 4368 L.,
1276 4273 1559 4382 moatr'srr'aqr'lla
1586 4273 1654 4394 L.,
1682 4274 1988 4352 coccotdroastcs
2015 4277 2084 4374 L.,

467 4413 648 4516 caocast'a
683 4437 784 4518 Poll.
823 4439 972 4544 (Laxta
1006 4465 1118 4516 rosea
1156 4433 1293 4542 Gala.)
1327 4463 1396 4518 nec
1431 4463 1506 4516 non
1540 4437 1589 4516 F.
1623 4438 1764 4546 pusilla
1792 4399 1893 4517 Poll.
1925 4437 2089 4543 (Passer

462 4593 621 4700 pusillus
650 4595 789 4694 Pell),
829 4597 932 4674 circa
967 4591 1177 4673 Caucasum
1213 4617 1392 4698 mareque
1426 4593 1598 4696 caspium
1628 4589 1826 4700 frequens,
1868 4595 2089 4702 aestivoque

469 4762 641 4856 tempore
668 4749 756 4858 juga
784 4752 921 4832 nivalia
947 4778 1033 4831 cum
1063 4751 1133 4829 Fr.
1166 4749 1329 4860 alpr'cola
1357 4751 1459 4829 Poll.
1491 4761 1530 4830 et
1558 4749 1757 4831 Motacr'lla
1785 4729 1965 4832 ceraunia
1983 4753 2086 4834 Poll.

465 4911 715 4991 adscendens.
766 4909 858 5015 Ipsa
886 4935 1038 5016 quoque
1068 4909 1262 5016 Pyrrdala
1290 4909 1485 5014 crytdrioa
1521 4909 1654 4986 Temra.
1686 4910 1836 4989 excelsa
1865 4911 2006 5012 passim
2034 4915 2090 4990 in-

467 5069 572 5146 colit.

463 5237 467 5248 ’
521 5228 793 5308 ECoracidas
827 5229 970 5308 devexa
997 5227 1155 5308 Caucasi
1192 5239 1232 5307 et
1265 5239 1439 5306 montosa
1473 5229 1653 5335 ipsosque
1688 5197 1917 5311 celsissimos
1946 5237 2090 5338 passim

470 5393 616 5462 montes
655 5381 822 5458 incolunt
859 5379 1136 5484 Pyr-rdocoraa
1156 5383 1349 5502 ‘proculus
1390 5380 1509 5476 Cam,
1550 5383 1766 5490 Nocr'sraqa
1804 5398 2089 5492 caryocatactcs

473 5541 620 5636 aras,
655 5539 801 5618 Cacoas
820 5539 1043 5646 plaudamus
1056 5539 1132 5634 ·1.,
1157 5539 1251 5647 pica
1268 5539 1340 5634 L.,
1366 5540 1573 5647 fraqilcpas
1590 5539 1659 5636 L.,
1690 5567 1827 5620 corona
1845 5543 1889 5620 L.
1910 5555 1951 5623 et
1969 5571 2092 5628 caram

467 5705 539 5798 L,
572 5707 609 5783 in
637 5706 719 5810 ipsa
748 5729 900 5813 quoque
926 5704 1117 5786 maritima
1145 5704 1298 5808 regione
1327 5700 1427 5782 haud
1455 5701 1738 5809 infrequentem
1772 5703 1960 5788 Caraor'as
1985 5707 2092 5788 deni-

328 5877 335 5892 ·
465 5887 544 5966 que
569 5863 730 5966 paruula
746 5859 790 5938 l..
822 5887 893 5941 nec
918 5887 994 5940 non
1017 5860 1170 5942 Oriolm
1198 5863 1347 5967 pallula
1376 5859 1419 5940 L.
1452 5863 1489 5940 in
1517 5862 1668 5942 lberioe
1696 5863 1857 5966 sylvosis
1885 5867 2092 5972 praecipue

469 6019 617 6098 obviae.

523 6171 553 6250 E
583 6169 724 6250 familia
747 6169 946 6252 Hiaatr'um
971 6171 1250 6250 ambulaturum
1277 6171 1407 6277 caspia
1434 6171 1624 6252 maritima
1650 6183 1689 6251 et
1717 6185 1893 6254 montosa
1920 6177 2093 6256 caucasis

468 6337 622 6439 sylvosa
651 6333 819 6412 incolunt
848 6334 1026 6412 Harundo
1053 6331 1204 6442 riparia
1234 6333 1301 6429 L,
1333 6333 1478 6412 rustica
1507 6333 1578 6426 L,
1610 6331 1834 6438 (domestica
1859 6335 1998 6442 Paa.),
2030 6364 2092 6416 ur·
2255 6355 2261 6362 '

466 6498 555 6602 dico
576 6499 617 6576 L.
639 6497 846 6604 (laqnpodn
865 6496 991 6602 aaa.)
1016 6508 1059 6579 et
1086 6495 1270 6604 rupuar's
1290 6495 1425 6604 Scap„
1460 6496 1641 6603 appretia
1669 6519 1762 6604 apat
1791 6499 1852 6578 la.
1885 6499 2092 6603 (macarius
