5582 7752
1105 936 1158 954 ..
1212 893 1257 972 aa
1313 937 1366 956 ..

430 1101 516 1158 oum
543 1079 661 1183 prole·
679 1102 747 1156 sua
775 1076 925 1174 volans,
955 1089 996 1158 et
1023 1101 1145 1184 prope
1164 1077 1326 1158 Baouam
1355 1078 1485 1158 urbem
1514 1077 1579 1156 Pt.
1612 1077 1762 1186 caspias
1789 1077 1889 1164 dido.
1921 1033 2076 1184 primo-¹

386 1287 395 1300 ·
432 1261 520 1318 rere
557 1235 860 1344 frequentissime
894 1237 1142 1336 observatum
1185 1235 1381 1316 Cotnrm'a‘
1407 1237 1493 1318 dein
1529 1235 1808 1342 dactylr'sonaos
1842 1236 1967 1343 disy„
2008 1195 2057 1320 iu¹

327 1401 330 1407 ’
371 1437 374 1444 -
431 1397 532 1476 omui
559 1397 712 1478 deserto
739 1397 1065 1504 caspio-caucasio
1086 1395 1402 1502 copiosissimus,
1441 1422 1464 1474 e
1498 1395 1628 1476 littore
1661 1394 1792 1499 caspio
1820 1396 2044 1492 occidentali

431 1557 589 1636 altiores
628 1558 771 1663 passim
806 1567 954 1638 montes
991 1557 1185 1638 caucasios
1213 1557 1428 1655 accedens,
1466 1557 1505 1635 iu
1540 1557 1691 1644 deserto
1728 1555 1922 1661 mogauico
1959 1556 2045 1638 Fal·

427 1716 587 1796 conibus
614 1717 776 1826 eapitur.
815 1714 965 1795 Pardula
991 1718 1078 1823 roso
1111 1714 1143 1794 Τ
1143 1741 1209 1794 em.
1241 1717 1279 1794 in
1305 1717 1438 1798 eadem
1465 1715 1530 1796 illa
1557 1738 1626 1796 ora
1660 1713 1885 1798 occidentali
1917 1715 2041 1820 degit,

430 1871 592 1980 indeque
625 1900 695 1979 per
729 1875 928 1994 ausuum
960 1875 1202 1983 nolimve
1236 1875 1378 1982 magns
1412 1885 1601 1980 perpetuo
1634 1843 1809 1982 panas
1837 1874 2042 1980 migratum

241 2073 248 2084 ·
388 2107 390 2112 .
430 2036 528 2118 aliae
556 2061 645 2116 vero
673 2036 786 2142 hujus
814 2041 964 2146 generis
991 2041 1382 2146 species'europaeae
1411 2040 1550 2122 ibidem
1576 2040 1851 2122 desiderantur.

480 2223 672 2305 Econtra
701 2225 932 2336 Syrrdoptes
960 2231 1187 2338 paradoxas
1216 2230 1276 2308 ΙΙΙ.
1309 2231 1346 2307 in
1381 2229 1558 2312 orientali
1593 2229 1850 2317 tantummodo
1884 2241 1924 2310 et
1958 2253 2044 2334 sep-

429 2383 645 2478 tentrionali
674 2411 743 2465 ora
769 2387 899 2494 caspia
926 2387 1140 2470 offenditur.
1211 2427 1217 2440 .

479 2563 511 2642 E
543 2565 971 2676 Colamds's'complures
1000 2571 1170 2676 species,
1202 2572 1357 2678 integris
1387 2549 1529 2679 passim
1558 2571 1711 2669 turmis,
1743 2595 1849 2651 oram
1876 2565 2050 2651 incolunt
2085 2538 2087 2544 ἲ

428 2735 627 2833 utramque
645 2721 917 2809 occidentalem
943 2741 983 2809 et
1011 2731 1366 2836 septentrionalem,
1398 2731 1482 2810 inde
1501 2757 1523 2810 a
1541 2731 1672 2812 Persia
1686 2729 1736 2844 ad
1755 2728 2044 2810 Astrachanium

427 2865 565 2988 usque,
597 2897 638 2963 ut
668 2883 714 2967 C.
743 2886 775 2965 Τ
776 2891 885 2967 artur
912 2889 981 2984 L,
1012 2888 1102 2967 livio
1130 2889 1198 2984 L.,
1230 2891 1432 2972 Polumbns
1461 2889 1528 3010 LV
1562 2885 1687 2967 Ocnos
1716 2887 1777 2982 L„
1808 2885 1951 2966 risoria
1980 2887 2050 2986 L.',·

427 3045 668 3128 maeub’collis
701 3051 844 3158 qul.,
875 3051 1099 3160 aegyptiaco
1119 3053 1253 3149 naen,
1284 3077 1442 3161 quarum
1466 3053 1681 3158 complures
1719 3075 1869 3158 quoque
1889 3051 1927 3156 in
1946 3051 2044 3134 lme-

427 3189 523 3286 re'tia
550 3185 804 3314 Colchideque
835 3210 986 3316 degunt.

374 3411 377 3418 '
451 3379 454 3386 ¹
478 3373 739 3482 EsCorsoram
756 3379 897 3480 ordine¹
917 3400 992 3479 alia
1019 3426 1157 3518 genera
1176 3425 1325 3482 omnem
1345 3383 1716 3518 lere'occidentalem
1734 3427 1840 3484 oram
1857 3404 2040 3508 caspiam,

426 3554 500 3634 alia
533 3555 869 3670 septentrionalem
888 3559 1031 3664 'potius
1066 3559 1308 3668 majoresque
1344 3563 1470 3660 lacus,
1508 3564 1561 3684 ei¹
1579 3565 1773 3670 proximos
1787 3553 1805 3660 ,’
1835 3565 1957 3645 salsos
1987 3564 2042 3642 in-

425 3679 575 3812 colunt,
613 3726 655 3794 ut
692 3713 933 3800 Oedr'cocmus
968 3719 1157 3827 crepitans
1192 3719 1350 3817 Teum,
1392 3717 1629 3802 charadrius
1666 3722 1863 3802 contianus
1903 3719 2037 3815 bold,

420 3879 598 3984 pluuialis
627 3882 696 3975 L.,
728 3877 879 3989 caspius
906 3881 1034 3978 Part,
1065 3883 1303 3962 obtermedr‘as
1331 3881 1521 3980 Meneta,
1560 3865 1721 3990 aliique,
1751 3896 1794 3962 ut
1824 3883 1893 3965 cn.
1926 3839 2043 3962 dolob-

425 4039 540 4136 ts'cas,
578 4042 737 4140 Pomm,
785 4044 954 4126 Colt'drs's
987 4045 1283 4142 arenariam,
1322 4045 1573 4154 Himantopas
1608 4049 1879 4155 melanopterus
1914 4035 2039 4150 Moy„

426 4171 680 4312 Haematopas
708 4204 917 4307 ostrolepns
937 4163 1005 4296 n,
1037 4203 1074 4279 in
1102 4202 1216 4282 variis
1244 4203 1364 4304 caspii
1392 4203 1508 4281 maris
1537 4202 1669 4281 insulis
1699 4196 2038 4309 frequentissimus,

424 4337 630 4457 praecipue
659 4379 749 4432 vero
781 4349 932 4448 Ott'des,
970 4363 1012 4429 ut
1042 4348 1089 4432 0.
1122 4365 1252 4430 tetram
1279 4350 1347 4448 L,
1379 4376 1475 4458 quae
1501 4317 1840 4456 septentrionalem
1868 4317 1977 4430 oram
2003 4319 2042 4433 et

424 4497 696 4594 occidentalem
726 4509 1029 4619 frequentissime
1058 4511 1189 4590 incolit
1217 4511 1377 4619 indeque
1406 4513 1443 4590 in
1471 4511 1639 4594 iberiam
1665 4525 1858 4618 permeat,
1889 4512 2041 4594 hiemali

336 4629 342 4641 ι
423 4671 663 4776 potissimum
693 4683 863 4776 tempore
890 4672 1103 4752 numerosis
1131 4671 1307 4777 gregibus
1336 4672 1439 4750 illinc
1467 4673 1670 4770 advolaus3
1706 4683 1747 4752 at
1773 4673 1892 4755 multo
1920 4639 2040 4753 miuus

424 4830 602 4938 frequens
634 4828 681 4911 Ο.
713 4833 828 4910 tardo
855 4830 925 4927 L,
956 4830 993 4908 in
1021 4829 1382 4935 septentrionalibus
1410 4826 1566 4910 morast
1594 4831 1768 4926 deveris,
1798 4830 1846 4910 ad
1864 4827 2037 4930 Cumam,

423 4993 604 5100 Volgam,
635 4995 806 5100 aliosque
823 5019 973 5089 amnes,
1005 5019 1109 5074 mare
1137 5005 1334 5098 petentes,
1367 4993 1572 5100 indigena,·
1591 5021 1711 5102 neque
1738 4995 1846 5074 deest
1874 4996 1911 5073 in
1940 4995 2040 5074 iusu-

425 5157 469 5234 lis
498 5155 862 5252 Astrabadensibus‚
893 5147 963 5234 ubi
985 5155 1129 5261 passim
1156 5155 1338 5260 gregatim
1366 5168 1535 5262 vagatur.

479 5295 736 5416 Grollotorum
761 5335 922 5442 denique
950 5338 1058 5436 ordo,
1091 5337 1190 5418 baud
1214 5309 1336 5416 minus
1355 5339 1565 5418 numerosis
1584 5340 1799 5444 speciebus,
1830 5340 1869 5418 in
1886 5341 2036 5444 caspio-

421 5495 606 5612 caucasiis
644 5495 847 5602 inquilinus
888 5499 983 5594 est3'
1018 5495 1203 5604 siquidem
1243 5493 1345 5576 Grae
1372 5494 1479 5602 virgo
1516 5459 1618 5576 Poll.
1652 5497 1689 5575 iu
1717 5495 1941 5575 occidentali
1970 5519 2038 5610 ora

421 5655 566 5762 caspia,
598 5679 722 5760 prope
749 5655 1078 5785 Buouam'qrbem
1105 5668 1144 5742 et
1161 5656 1263 5736 circa
1282 5657 1403 5776 salsos
1423 5657 1527 5736 lacus
1546 5655 1857 5761 septentrionalis
1878 5655 2033 5754 littoris,

422 5815 583 5928 indeque
611 5817 650 5896 in
677 5819 779 5896 omui
809 5772 1074 5900 lere=australi
1103 5769 1242 5918 llossia
1257 5777 1384 5927 obvia
1411 5773 1482 5898 est.
1524 5819 1733 5897 Ardearam
1760 5817 1907 5920 species
1936 5841 2039 5896 com-

421 5975 549 6076 plures
569 5975 671 6055 circa
689 5974 861 6087 caspium
879 6001 998 6074 mare,
1021 5977 1134 6084 inque
1153 5977 1285 6056 vicinis
1303 5976 1497 6079 paludosis
1516 5975 1668 6080 degunt,
1691 5986 1733 6052 ut
1753 5975 1797 6054 A.
1815 5975 1958 6056 minata
1972 5939 2035 6072 LJ,

420 6145 596 6244 qarzctto
627 6132 688 6228 L„
719 6131 846 6236 (niveo
877 6128 998 6237 Gn),
1030 6133 1116 6210 alta
1145 6132 1206 6224 L„
1232 6157 1428 6238 purpureo
1456 6132 1521 6232 ΙΛ,Ι
1548 6132 1773 6236 εςνειια,ί.,
1805 6130 1954 6210 alberea
1972 6132 2034 6232 L„

420 6305 461 6399 et
488 6292 714 6400 nycticorax
735 6295 810 6392 *L.,
843 6294 880 6372 iu
907 6293 1125 6420 borealibus
1158 6292 1357 6382 maritimis
1388 6317 1521 6400 aeque
1538 6291 1753 6400 frequentes
1785 6317 1827 6371 ac
1859 6293 1897 6392 iu
1922 6294 2058 6396 meri-¹

421 6442 646 6521 dionalibus.

558 6627 729 6684 Eronwnun
749 6629 836 6684 Fauo.
858 6647 934 6702 casp.
955 6646 1032 6684 caue.
1354 6621 1356 6626 ’
1554 6669 1560 6684 .
1868 6633 1894 6680 ll
