5582 7752
1438 837 1700 920 ..38-

620 1041 623 1047 ’
758 1057 939 1139 quorsum
952 1029 1201 1110 Locustarum
1231 1029 1285 1108 vis
1314 1051 1401 1106 eum
1429 1027 1559 1106 allicit.
1592 1029 1729 1106 Parum
1753 1037 1915 1106 autema
1936 1051 2026 1106 vero
2045 1053 2114 1106 nos
2133 1029 2377 1110 oberraturos

756 1219 841 1274 esse
868 1192 1060 1290 ducimus,
1091 1193 1239 1273 sicum
1268 1189 1498 1270 Seleucidam
1527 1215 1636 1270 avem
1667 1189 1789 1270 Plinii
1812 1190 2070 1288 declaremus,
2101 1191 2211 1296 cujus
2240 1191 2377 1272 adven-

758 1355 838 1424 tum
874 1370 897 1423 a
932 1343 1027 1424 Jove
1062 1343 1242 1451 precibus
1281 1343 1550 1448 impetrassent
1574 1341 1621 1450 (*)
1659 1339 1744 1422 Casi
1783 1355 1930 1423 montes
1967 1343 2136 1440 incolae,
2177 1345 2376 1449 quominus

760 1503 885 1614 fruges
923 1533 1058 1588 corum
1085 1535 1107 1588 a
1135 1508 1311 1590 Locustis
1339 1518 1603 1605 vastarentur3
1643 1531 1735 1604 nec,
1774 1507 1872 1588 unde
1899 1509 2048 1606 veniat,
2088 1533 2210 1614 quove
2238 1507 2349 1588 abeat
2361 1568 2372 1606 ,

756 1675 995 1768 compertum
1022 1675 1119 1762 erat,
1151 1667 1293 1773 quippe
1313 1663 1378 1770 qui
1396 1687 1585 1770 nunquam
1604 1657 1926 1767 conspiciebatur,
1958 1663 2029 1741 nisi
2048 1687 2162 1768 quum
2182 1661 2373 1764 praesidio

756 1815 841 1922 ejus
870 1843 966 1922 opus
994 1831 1111 1900 esset.

810 1975 952 2054 Nostra
980 2000 1132 2084 quoque
1160 1977 1343 2058 memoria
1363 1974 1424 2084 (*)
1454 1975 1608 2056 Armeni
1637 1987 1676 2056 et
1704 1977 1807 2058 iberi
1835 1977 1998 2055 similem
2027 1976 2108 2056 lere
2136 1973 2300 2055 fabulam
2327 1975 2374 2056 de

754 2157 803 2210 eo
838 2145 1019 2230 normata
1055 2156 1192 2240 magna
1224 2135 1327 2216 enim
1360 2134 1611 2214 Locustarum
1638 2133 1674 2212 vi
1708 2134 1851 2240 ubique
1880 2133 1917 2212 in
1944 2133 2056 2212 cutus
2086 2132 2185 2237 agris
2211 2141 2371 2228 exona,

751 2289 803 2370 ad
840 2291 1037 2396 limpidum
1062 2291 1215 2372 dramti
1244 2293 1383 2372 montis
1414 2292 1556 2373 fontem
1584 2294 1737 2379 mittunt
1762 2293 1934 2397 legatos,
1974 2302 2016 2370 ut
2043 2311 2164 2396 aquae
2192 2287 2374 2392 limpidis-

754 2445 873 2526 simae
910 2449 1107 2528 urceolum
1143 2449 1346 2555 adportent
1358 2507 1369 2547 ,
1409 2475 1533 2556 neque
1569 2448 1668 2530 bunc
1706 2449 1743 2528 in
1781 2446 2175 2530 itinereinstituendo
2205 2445 2374 2524 interra

751 2607 957 2712 deponant,
988 2621 1104 2690 noctu
1129 2612 1335 2716 praecipue
1363 2611 1492 2690 arbori
1518 2611 1821 2716 suspendendum
1838 2610 1970 2690 sedulo
1989 2620 2177 2690 curantes.
2209 2605 2372 2688 Uroeolo

753 2763 908 2868 itaque,
938 2789 1047 2844 sacra
1073 2767 1265 2872 illaeque
1292 2767 1521 2872 adimpleto,
1553 2767 1591 2845 in
1617 2793 1710 2874 agro
1738 2765 1923 2872 quodam,
1953 2791 1976 2844 a
2003 2763 2178 2842 Locustis
2208 2771 2368 2858 vastato,

751 2925 944 3031 deposito,
975 2926 1182 3005 Pastorum
1208 2951 1401 3006 ruscorum
1427 2928 1483 3006 vis
1512 2927 1677 3024 advolat,
1708 2951 1864 3033 easque,
1895 2924 1986 3004 licet
2004 2924 2233 3018 innumeras,
2264 2920 2370 3000 brevi

755 3085 930 3180 tempore
957 3077 1071 3181 plane
1098 3077 1281 3176 destruit3
1311 3103 1427 3183 saepe
1456 3077 1624 3174 Armeni,
1655 3075 1744 3156 huic
1773 3075 1828 3158 rei
1857 3073 2050 3155 fabulosae
2077 3072 2233 3150 nimium
2260 3095 2372 3178 quam

751 3235 998 3337 confidentes,
1029 3253 1177 3322 sucrum
1203 3265 1340 3346 aquam
1368 3241 1406 3320 in
1431 3265 1544 3347 agros
1572 3241 1811 3322 Kislarenses
1836 3239 2055 3343 deportant,
2086 3260 2260 3316 securum
2286 3232 2371 3338 ejus

752 3396 929 3477 effectum
965 3398 1174 3478 laudantes.
1215 3397 1335 3477 Simili
1366 3425 1518 3507 quoque
1555 3400 1702 3479 ratione
1731 3425 1754 3478 a
1781 3397 1930 3476 Talaris
1960 3396 2038 3476 avis
2069 3396 2133 3473 illa
2159 3391 2375 3476 Mulomeda'

753 3553 903 3632 dicitur.

804 3737 851 3816 In
876 3739 1006 3819 Iberia
1033 3740 1120 3820 dein
1147 3752 1187 3820 et
1205 3740 1366 3822 Albania
1384 3744 1519 3840 veteri,
1550 3743 1597 3822 ad
1615 3737 1754 3850 Cyrum
1772 3741 2015 3846 potissimum
2041 3762 2202 3837 amnem,
2232 3739 2371 3844 degum

750 3895 907 3978 Canales
945 3901 1142 4004 aquaticus
1178 3899 1249 3998 L.,
1296 3900 1445 3981 Turdus
1483 3917 1679 4008 torquatus
1715 3903 1786 4000 L.,
1827 3903 1873 3982 ad
1908 3905 2092 3983 montium
2116 3904 2194 4008 jam
2220 3903 2371 4006 conspi-

751 4078 860 4138 cuam
896 4057 1134 4140 altitudinem
1168 4061 1423 4161 adscendens,
1470 4063 1515 4142 Τ.
1556 4087 1707 4170 qumque
1742 4066 1904 4160 merula,
1942 4064 2097 4154 iliacus,
2137 4063 2295 4142 ruasicus
2330 4073 2370 4142 et

749 4213 955 4299 ur'satborus
981 4212 1025 4300 L.

802 4405 833 4484 E
863 4401 1005 4511 Sylviis
1031 4429 1150 4508 porro
1180 4403 1446 4511 Saut'colisque
1473 4433 1698 4487 numerosae
1726 4409 1874 4512 species
1903 4407 1942 4488 in
1969 4409 2082 4489 variis
2110 4405 2265 4485 Caucasi
2293 4407 2369 4508 syl-

750 4561 851 4640 vosis
888 4559 1095 4656 montosis,
1136 4585 1205 4640 nec
1242 4586 1317 4640 non
1355 4563 1393 4640 in
1420 4562 1551 4644 littore
1578 4563 1710 4668 caspio
1739 4561 1819 4643 lere
1846 4565 1986 4670 ubique
2014 4560 2365 4667 deprehenduntur3

750 4721 824 4805 huc
860 4735 1036 4830 spectant
1070 4721 1109 4804 S.
1142 4725 1334 4806 turdoides
1361 4725 1463 4832 May.
1506 4725 1648 4831 (Turd.
1669 4725 1790 4830 junco
1819 4723 1939 4819 Pata,
1971 4723 2246 4815 arundineaeus
2273 4719 2376 4834 L.)‚

744 4880 975 4989 pdrupmitas
1002 4882 1172 4980 Becdst„
1203 4885 1363 4965 luscinia
1390 4881 1453 4980 L,
1480 4883 1677 4992 philomela
1704 4879 1855 4963 Bcchst.
1887 4881 2026 4988 (aedon
2054 4875 2192 4986 Poll),
2224 4879 2366 4958 atrica-

745 5037 840 5142 pilla
875 5038 946 5132 L.,
988 5039 1138 5119 cinerea
1175 5040 1312 5135 tatu,
1344 5067 1507 5120 curruca
1536 5033 1673 5134 tall„
1707 5038 1883 5119 rabucula
1911 5037 2046 5134 Lata,
2079 5036 2191 5144 taldys
2220 5033 2362 5144 Scap,

743 5196 995 5302 phoenicurus
1023 5199 1151 5296 Latin,
1182 5198 1378 5280 st'dilatria·
1405 5201 1573 5298 Becltst„
1605 5200 1802 5309 subalpina
1830 5197 1998 5297 Beclst„
2030 5199 2207 5281 trochilus
2236 5199 2363 5294 Lata,

749 5355 967 5464 tpuiaopilla
995 5357 1163 5454 Brcdm„
1194 5365 1342 5468 repulus
1372 5354 1499 5456 lata,
1532 5366 1759 5469 troplodytes
1788 5361 1923 5458 lact,
1964 5359 2105 5469 aliique
2132 5362 2363 5464 complures,

747 5488 968 5600 Colchidem
1004 5531 1045 5601 et
1079 5521 1299 5604 Imeretiam
1336 5550 1457 5632 aeque
1492 5549 1536 5602 ac
1564 5523 1728 5604 iberiam
1757 5524 2031 5629 Albaniamque
2059 5519 2180 5600 ateis
2208 5510 2365 5598 Caucasi

744 5675 896 5780 jugum,
928 5679 1012 5758 loca
1040 5677 1183 5760 devexa
1210 5681 1435 5802 sylvosaqrre
1464 5681 1695 5777 incolentes,
1727 5694 1770 5760 ut
1798 5679 1932 5786 Spluia
1956 5677 2175 5784 santiliaris,
2207 5673 2362 5768 Manat,

752 5817 854 5914 Cotti
877 5803 1015 5917 Marm.
1047 5850 1087 5920 et
1112 5839 1276 5948 a'ctarops
1305 5839 1443 5920 Mlius.

790 6179 833 6268 ζ’)
853 6177 890 6244 L.
916 6132 946 6245 c..
973 6180 1029 6244 lib.
1056 6179 1097 6244 X.
1125 6207 1194 6267 cap.
1221 6181 1277 6249 27.

790 6334 845 6422 (²²)
871 6334 908 6400 V.
936 6339 994 6402 iter
1018 6360 1118 6403 mcum
1142 6343 1334 6422 caucasium,
1360 6341 1450 6408 Reise
1473 6347 1614 6409 aroldum
1639 6348 1824 6429 kaspisrheu
1849 6345 1952 6410 Macro
1973 6352 2032 6410 ond
2057 6349 2087 6410 in
2108 6353 2166 6410 don
2186 6345 2359 6410 Katikasus.

747 6445 828 6512 Baud
854 6446 879 6513 l.
907 6448 1001 6514 Abtb.
1028 6449 1061 6516 2.
