5582 7752
1180 893 1236 912 .2
1289 845 1441 928 13⁷..

503 1044 680 1154 panditur
705 1039 882 1149 planities
916 1059 1100 1134 arenosa,
1137 1033 1323 1116 colliculis
1351 1031 1494 1140 passim
1520 1028 1647 1112 obsita
1673 1031 1869 1132 arenosis,
1909 1061 2022 1144 quarn
2047 1063 2116 1120 ao-

506 1198 657 1282 madum
682 1217 789 1276 more
822 1187 974 1288 Talori,
1003 1195 1185 1296 soporant
1212 1185 1359 1294 stirpis,
1390 1195 1532 1284 teuent,
1563 1184 1629 1292 qui
1656 1183 1785 1293 itaque
1811 1211 1887 1270 uon
1912 1215 1984 1297 per
1997 1186 2116 1277 urbes

506 1365 549 1436 ct
573 1381 622 1437 ne
648 1363 768 1434 statas
797 1313 948 1460 quidem
973 1346 1082 1428 sedes
1110 1346 1272 1452 degunt,
1311 1343 1377 1425 sed
1403 1353 1447 1422 ut
1473 1341 1612 1448 pabula
1639 1341 1819 1443 inuitant,
1859 1373 1920 1429 res
1947 1372 2118 1461 opesque

506 1543 593 1600 suas
619 1519 660 1598 in
685 1515 830 1600 essedis
858 1535 987 1595 secum
1013 1507 1183 1607 trahunt,
1204 1518 1245 1588 ot
1262 1507 1386 1587 a-nlas
1411 1461 1573 1586 mobiles
1602 1503 1836 1608 inhabitant,
1866 1509 2026 1620 indeque
2052 1539 2118 1596 an.

508 1673 692 1782 tiquitus,
722 1673 761 1752 ni
788 1695 917 1757 omues
945 1665 1133 1764 fallimur,
1171 1664 1404 1746 Essedouum
1431 1661 1447 1772 (
1457 1663 1585 1769 potius
1613 1663 1854 1774 lssedouum)
1881 1693 2017 1752 nomen
2044 1673 2120 1754 sibi

507 1840 749 1944 meruerunt,
787 1825 1008 1934 ceteroquin
1045 1823 1209 1932 pristino
1254 1823 1323 1904 illo
1362 1821 1692 1930 remotissimoque
1723 1847 1818 1903 aeuo
1854 1822 2121 1914 Sarmatarum

508 2021 599 2104 gens
625 1992 875 2101 multipartita
901 1988 1123 2071 solitudines
1150 1988 1235 2068 illas
1262 1953 1464 2087 arenosas,
1494 1983 1663 2068 Caucaso
1681 1983 1918 2090 adjacentes,
1949 1994 2116 2077 tenebat.

560 2152 686 2234 Rarae
713 2175 804 2234 vero
839 2149 893 2230 ibi
909 2149 915 2156 ’
929 2149 1067 2250 nrbes;
1096 2146 1257 2229 maxime
1285 2147 1453 2228 illustres
1483 2143 1721 2251 Stauropolis
1748 2157 1789 2226 et
1815 2146 1977 2256 Georgia
2002 2151 2116 2251 urbs,

508 2335 531 2392 a
557 2309 692 2391 Rossis
719 2308 962 2416 Georgiewsk
987 2307 1101 2407 dicta,
1130 2319 1172 2389 et
1197 2306 1411 2414 pristinum,
1441 2315 1482 2385 at
1507 2302 1621 2396 hodie
1647 2302 1798 2384 omuino
1825 2303 1989 2388 dirutum
2012 2308 2121 2392 Mad-

509 2471 622 2573 shar,
652 2499 675 2556 e
702 2498 778 2580 quo
806 2473 1076 2580 Haopororam
1102 2496 1193 2576 gens
1221 2469 1404 2576 originem
1430 2465 1583 2548 duxisse
1609 2464 1710 2546 haud
1736 2489 1940 2572 perperam
1966 2468 2116 2553 dicitnr.

464 2585 471 2600 ι
561 2631 634 2712 llis
661 2655 814 2739 quoque
840 2629 1004 2710 desertis
1032 2629 1205 2736 regiones
1230 2626 1428 2710 caucasiae
1453 2649 1586 2706 versus
1605 2624 1906 2729 septentrionem
1923 2625 2117 2734 liniuutrrr,

509 2785 719 2894 iisdemque
737 2785 784 2891 ‚in
810 2785 906 2867 locis
934 2785 1138 2866 Strabonis
1165 2810 1283 2884 aeuo,
1313 2794 1443 2890 gentes
1472 2779 1697 2862 Siracorum
1723 2781 1855 2890 (hodio
1882 2783 2064 2898 Sa'raeru)¹
2082 2803 2122 2872 et

513 2948 719 3030 Aorsorum
746 2947 876 3058 (hodie
902 2925 1030 3029 Erras
1057 2945 1228 3030 lenuicae
1254 2946 1384 3053 stirpis
1403 2943 1523 3054 dicti),
1553 2945 1786 3027 Essedouum
1802 2973 1909 3034 more
1920 3012 1932 3051 ,
1962 2937 2001 3032 in
2018 2967 2122 3036 esse-

510 3109 568 3190 dis
595 3110 846 3218 uagabantur,
884 3133 1115 3216 camposque
1148 3107 1259 3214 longe
1287 3107 1438 3214 lateque
1463 3115 1639 3211 patentes
1675 3105 1912 3206 incolebant,
1950 3111 1991 3191 ia
2025 3137 2121 3220 quos

511 3261 668 3344 Caucasi
693 3261 783 3368 juga
809 3261 1002 3343 inclinant.
1033 3259 1203 3367 Utraque
1230 3283 1335 3366 gens,
1366 3285 1477 3366 quae,
1507 3260 1773 3365 potentissima
1791 3249 1992 3368 quondam,
2022 3289 2122 3348 mer-

511 3425 681 3495 caturam
709 3411 872 3494 iaciebat
885 3414 1075 3520 amplam,
1104 3411 1246 3492 iudicas
1274 3423 1315 3492 et
1339 3409 1584 3518 babylonicas
1609 3433 1755 3492 meroes
1783 3435 1806 3490 a
1832 3411 1957 3494 Madia
1983 3425 2024 3494 ct
2037 3416 2122 3494 'Ar-

511 3567 626 3650 rucua'r
653 3567 845 3674 excipiens
873 3579 914 3650 et
939 3566 1092 3649 camelis
1120 3565 1325 3664 inveheus3
1355 3589 1489 3646 aurum
1515 3583 1668 3672 quoqne
1694 3564 1746 3644 ob
1763 3561 1913 3644 diuitias
1931 3567 2118 3674 gestabat.

511 3727 617 3826 Quae
642 3727 721 3834 jam
747 3719 867 3808 omnis
894 3728 1006 3834 plaga
1031 3751 1128 3806 nnnc
1156 3725 1307 3834 quidem
1333 3723 1486 3804 deserta
1511 3721 1627 3826 jacet,
1657 3721 1801 3830 campis
1829 3734 1954 3804 nmen
1981 3725 2122 3830 apricis

511 3895 552 3962 et
577 3841 730 3987 pascuis
756 3883 894 3988 opimis
921 3881 1135 3978 excellens,
1164 3880 1229 3958 ubi

819 4175 859 4186 -
884 4133 975 4201 Diem
999 4144 1182 4218 noctemque
1203 4143 1236 4200 et
1256 4143 1355 4200 totum
1377 4157 1415 4200 ex
1437 4099 1546 4203 ordine
1569 4159 1701 4204 mensem

820 4271 962 4338 Pascitur
983 4273 1070 4354 itque
1091 4293 1188 4356 mous
1210 4273 1299 4354 longa
1322 4273 1356 4336 iu
1378 4277 1515 4355 deserta,
1539 4275 1608 4340 sine
1631 4277 1703 4339 ullis

822 4407 995 4496 Hospitiis:
1021 4419 1138 4476 tantum
1160 4409 1262 4495 campi
1281 4408 1383 4499 jacet3
1408 4413 1512 4480 omnia
1533 4435 1638 4480 secum

820 4513 1034 4614 Armentarius
1055 4547 1136 4634 agit,
1161 4555 1339 4633 tectumque
1360 4551 1519 4636 laremque

819 4677 995 4766 armaque,
1018 4684 1271 4774 amyclaeumque
1293 4685 1400 4754 canem
1423 4697 1620 4774 cressamque
1642 4691 1830 4776 pharetram:

567 4997 683 5080 iliaco
719 4995 834 5104 igitur
859 4957 1064 5074 universim
1099 4995 1285 5100 expositis
1320 4995 1368 5076 de
1398 4994 1573 5076 Caucaso
1610 4987 1782 5103 ejusque
1796 4996 1992 5102 gentibus,
2031 5025 2125 5108 quas

514 5167 664 5237 veteres
692 5163 890 5248 auctores,
910 5149 971 5232 C.
1002 5150 1124 5232 Plairr'i
1149 5151 1319 5232 Secundi
1342 5153 1532 5258 exemplo,
1553 5153 1637 5233 aliis
1656 5153 1780 5262 iisque
1805 5147 2124 5240 numerosissimis
2198 5231 2200 5236 .
2320 5147 2322 5154 ⁴

514 5310 728 5394 nominibus
740 5369 752 5412 ,
791 5319 832 5388 at
864 5307 978 5390 hodie
1004 5335 1081 5390 non
1106 5311 1181 5429 rito
1207 5310 1447 5392 enucleandis
1466 5311 1671 5419 'designare
1697 5315 1934 5414 maluerunt,
1972 5315 2052 5422 jam
2077 5312 2125 5398 od

513 5460 618 5556 more
644 5472 809 5584 caspiam
835 5471 874 5552 in
899 5473 1116 5555 uuiversum
1142 5473 1340 5556 dicendum
1366 5445 1525 5582 ejusque
1554 5475 1685 5557 littora
1710 5501 1914 5586 amnesque
1941 5481 2126 5584 perstrin-

513 5627 678 5736 gendos,
707 5649 778 5707 nec
804 5649 880 5704 non
906 5624 1011 5730 ipsos
1038 5627 1187 5708 accolas
1214 5627 1424 5735 generatim
1447 5628 1795 5710 commemorandos
1823 5639 2070 5709 transeamus.

567 5787 680 5871 Mare
707 5783 895 5893 caspiam,
925 5784 1113 5886 omnium,
1144 5797 1334 5894 quotquot
1359 5787 1626 5884 innotuerunt,
1656 5786 1805 5869 lacuum
1830 5783 2126 5868 mediterraneo-

411 6007 414 6018 .
518 5971 600 6024 rum
626 5944 736 6050 louge
762 5941 1029 6048 amplissimus,
1059 5943 1284 6025 fluctuosum
1301 5969 1346 6026 ac
1365 5943 1527 6043 fervens,
1558 5949 1910 6040 aerumnarum,
1940 5943 2121 6048 procellis

481 6141 485 6155 ·
518 6103 679 6211 undique
714 6101 949 6208 expositum,
988 6101 1085 6181 raris
1122 6097 1250 6210 itaque
1287 6103 1537 6202 stationibus,
1576 6111 1617 6182 et
1632 6121 1635 6133 ²
1653 6096 1733 6180 lere
1761 6099 1935 6205 portibus
1962 6126 2097 6182 carens
2109 6161 2130 6202 ,¹

516 6236 686 6346 exceptis
712 6235 899 6316 nonnullis
928 6236 976 6315 ad
1002 6259 1110 6316 oram
1135 6235 1220 6340 ejus
1248 6236 1485 6333 orientalem,
1515 6245 1556 6315 et
1580 6225 1767 6315 Bacuemi
1794 6235 1861 6315 illo
1886 6235 1934 6315 ad
1951 6233 2125 6316 occiden-

517 6364 654 6496 talem,
695 6393 857 6502 ideoque
891 6393 1012 6474 minus
1049 6393 1271 6502 navigabile.
1311 6383 1498 6479 Haustum
1534 6395 1653 6500 ipsium
1688 6395 1801 6476 maris
1833 6381 1981 6476 dulcem
2007 6378 2124 6506 finisse

652 6580 824 6638 marnasco
841 6581 931 6636 Fauo.
951 6597 1027 6656 carp.
1047 6597 1126 6639 caua.
1969 6581 1987 6632 4
