5582 7752
1100 925 1154 946 ...
1206 881 1252 962 51
1309 927 1364 944 .-

420 1071 519 1150 inter
545 1079 747 1176 utrumqne
774 1089 998 1172 purcussum
1024 1068 1334 1175 pterygoidonm,
1364 1067 1417 1146 ibi
1445 1068 1522 1146 late
1548 1067 1600 1146 ab
1625 1067 1785 1148 inuicem
1810 1065 2037 1170 distantem,

421 1225 571 1333 longum
604 1224 680 1306 iter
711 1223 907 1304 anteriora
940 1249 1071 1306 vorsus
1106 1221 1286 1304 emetitur
1303 1235 1360 1304 et
1390 1197 1557 1328 superne
1590 1233 1742 1328 septum
1775 1223 2039 1323 interorbitale

420 1389 605 1486 sustinet,
643 1387 929 1494 cartilaginenm
961 1399 1003 1466 et
1028 1387 1175 1492 ipsum,
1209 1385 1341 1466 multis
1369 1397 1496 1468 tamen
1521 1387 1672 1492 punctis
1699 1388 1867 1471 notabile
1894 1392 2038 1492 osseis„

420 1547 467 1626 ad
493 1548 593 1628 ossis
621 1545 837 1630 ethmoidoi·
856 1547 1033 1626 laminam
1059 1547 1223 1628 mediam
1251 1545 1491 1629 facientibus.
1529 1546 1710 1631 interior
1737 1573 1827 1630 vero
1854 1575 1899 1630 ac
1925 1577 2040 1658 rupae

420 1711 500 1790 rior
536 1709 652 1798 iacies
688 1711 862 1816 corporis
899 1711 997 1792 ossis
1034 1709 1281 1816 sphenoidei,
1325 1735 1347 1792 a
1383 1714 1601 1818 posteriore
1642 1715 1774 1795 eadem
1813 1715 2038 1819 prosiliente

419 1871 583 1976 quodam
615 1869 783 1975 margine
816 1867 1025 1974 dirempta,
1064 1871 1231 1975 amplum
1264 1869 1429 1950 exstruit
1462 1893 1675 1968 recessum,
1716 1871 1754 1950 in
1780 1870 1889 1976 cujus
1925 1871 2039 1954 fundo

419 2035 544 2114 medio
577 2032 699 2130 fossa,
737 2031 856 2111 sellae
890 2029 1015 2114 dictae
1050 2031 1219 2112 turcicae
1249 2029 1479 2130 consimilis,
1517 2033 1630 2140 eique
1663 2033 1840 2141 utrinque
1868 2033 1915 2120 ad
1942 2036 2040 2117 latus

302 2237 307 2246 -
419 2177 598 2288 apposita
616 2177 800 2258 foramina
818 2179 913 2276 duo,
944 2182 1095 2262 canales
1116 2181 1246 2288 itaque
1262 2179 1446 2278 carotici,
1475 2189 1676 2278 notantur,
1706 2192 1749 2262 et
1764 2181 1870 2262 hisce
1888 2175 2039 2288 postre-

418 2335 490 2416 mis
516 2337 593 2416 alia
619 2337 694 2416 duo
722 2337 968 2443 superposita
995 2335 1202 2434 foramina,
1232 2363 1254 2418 e
1283 2337 1420 2444 quibus
1445 2348 1597 2416 sextum
1622 2361 1693 2442 par
1714 2363 1918 2418 nervorum
1934 2365 2040 2421 caro·
2148 2451 2151 2458 .

416 2495 580 2576 bralium
619 2495 806 2576 educitur.
855 2497 1077 2577 Posteriora
1117 2497 1281 2604 denique
1321 2521 1453 2578 versus
1492 2521 1634 2602 corpus
1676 2498 1774 2578 ossis
1815 2499 2039 2606 sphenoidoi

419 2609 586 2728 intimius
606 2647 796 2726 coalescit
823 2671 909 2726 cum
934 2647 1057 2728 basuli
1084 2659 1196 2754 parte
1224 2648 1439 2754 occipitali,
1469 2659 1511 2727 ut
1538 2649 1671 2734 ultimo
1698 2649 1818 2732 mutui
1845 2675 2037 2737 connexus

418 2810 576 2916 vestigia
602 2809 842 2916 dispareant,
873 2822 913 2892 et
939 2812 1041 2891 circa
1060 2811 1293 2893 incrassatos
1313 2809 1553 2918 tumidosque
1570 2835 1773 2918 processus
1792 2813 2036 2919 occipitales,

417 2965 457 3045 in
483 2965 576 3072 ipsis
603 2990 690 3045 cum
718 2990 806 3046 osse
833 2963 1070 3071 sphenoideo
1098 2965 1282 3044 limitibus
1309 2965 1427 3062 sitos,
1465 2966 1619 3046 dubium
1645 2968 1819 3075 aliquod,
1856 2993 2038 3076 quorsum

416 3129 667 3244 pertineant,
684 3125 828 3208 moveri
856 3125 992 3232 possit.
1095 3099 1099 3106 ⁸
1816 3114 1821 3122 ’

470 3285 641 3393 Uterque
655 3283 769 3389 hujus
787 3285 986 3366 vertebrae
1000 3309 1111 3367 arcus
1130 3285 1180 3364 ab
1194 3286 1259 3365 alo
1271 3285 1603 3414 mojorc(Tab.vu.
1615 3239 1674 3396 g.)¹
1685 3289 1784 3370 ossis
1796 3289 2033 3396 sphenoidei,

417 3453 583 3534 Piscium
609 3473 731 3547 more,
760 3447 984 3547 exstruitur,
1015 3473 1112 3554 quae
1139 3445 1299 3547 scilicet,
1329 3451 1476 3530 mediae
1502 3451 1604 3556 parti
1623 3452 1815 3556 superiori
1833 3477 2036 3558 processus

419 3603 671 3712 pterygoidei.
693 3601 936 3698 incumbens,
980 3601 1177 3706 elongatae
1213 3602 1438 3684 columellae
1481 3601 1623 3700 instar,
1670 3598 1840 3685 nonnihil
1882 3607 2037 3714 oblique
2132 3687 2141 3708 ,

418 3757 637 3863 posteriora
664 3763 855 3859 spectans,
886 3752 934 3831 ad
961 3765 1170 3836 extremam
1197 3767 1346 3860 partem
1374 3756 1538 3836 anticam
1565 3755 1661 3836 ossis
1688 3759 1850 3862 petrosi,
1883 3760 1921 3840 in
1944 3761 2037 3867 ipsis

416 3941 502 3997 cum
537 3935 625 3994 osse
660 3909 836 4015 parietali
871 3907 1055 3989 limitibus
1068 3929 1085 4009 ,·
1118 3911 1337 4010 adscendit,
1376 3913 1501 4020 iisqne
1538 3915 1722 3994 ambobus
1749 3915 1803 3995 ibi
1831 3917 2034 4022 adhaeret3

417 4074 519 4181 quod
544 4072 674 4180 itaque
701 4070 907 4150 ossiculum
933 4070 1203 4169 columellare,
1233 4073 1318 4152 alae
1344 4069 1503 4176 majoris
1530 4071 1674 4172 instar,
1712 4075 1899 4180 parictalo
1924 4103 1948 4158 a
1974 4105 2037 4160 su-

376 4191 380 4200 .
417 4231 573 4338 periore
608 4197 825 4332 excipiens,
865 4229 903 4306 id
929 4253 1016 4306 oum
1046 4237 1130 4306 toto
1157 4228 1288 4306 cranii'
1305 4239 1408 4308 tecto
1436 4229 1624 4327 suffulcit,
1664 4230 1713 4309 ab
1741 4233 1825 4337 ipso
1853 4259 2036 4340 processu

417 4393 665 4502 pterygoideo
703 4389 844 4470 tumida
879 4389 963 4468 basi
999 4389 1182 4495 originem
1219 4391 1380 4504 ducens,
1420 4389 1533 4495 hujus
1561 4391 1719 4474 ossiculi
1742 4419 1848 4477 more
1876 4399 1914 4476 in
1941 4399 2035 4503 ipsis

417 4547 658 4655 superiorum
684 4543 929 4626 animantium
955 4543 1174 4642 ordinibus,
1206 4555 1248 4624 ut
1276 4541 1390 4651 igitur
1418 4545 1455 4624 id
1482 4547 1587 4630 nullo
1614 4561 1843 4670 pectorum
1870 4553 1925 4632 ill.
1959 4553 2034 4636 Cu·

416 4713 520 4788 oiero
536 4704 582 4815 (*)
610 4729 681 4812 pro
700 4729 799 4784 novo
818 4703 982 4811 quodam
1000 4705 1169 4810 solisque
1186 4703 1358 4786 Lacertis
1377 4709 1538 4811 proprio
1557 4707 1724 4787 ossiculo
1743 4707 1877 4791 haberi
1894 4715 2031 4818 possit.

417 4866 485 4948 Cui
511 4866 673 4973 denique
701 4866 784 4946 alae
806 4863 946 4968 majori
965 4863 1200 4944 columellari
1219 4864 1396 4972 utrinque
1415 4873 1567 4970 septum
1585 4863 1712 4971 ligitur
1729 4871 2034 4954 membranaceo·

416 5027 647 5124 tendineum,
676 5025 795 5106 cranii
821 5049 956 5106 carum
982 5024 1032 5104 ab
1058 5023 1252 5104 anteriore
1279 5024 1496 5122 occludens,
1527 5025 1629 5131 quod
1656 5024 1706 5104 ab
1728 5035 1893 5135 utroque
1912 5029 2033 5114 latero

417 5187 465 5264 ad
492 5209 534 5264 se
561 5183 723 5263 invicem
751 5181 1039 5287 approximatur
1064 5183 1178 5288 inque
1206 5181 1372 5266 medium
1417 5158 1593 5261 excurrit¹
1629 5191 1803 5288 septum,
1833 5196 2033 5294 utramque

416 5340 581 5420 orbitam
607 5339 658 5420 ab
675 5335 835 5418 invicem
852 5339 1032 5419 dirimens
1047 5367 1057 5438 ;
1088 5338 1259 5445 apriore
1279 5337 1347 5417 illo
1366 5334 1468 5417 aliud
1485 5337 1677 5443 excipitur
1694 5339 1912 5440 ossiculum,
1934 5346 2035 5426 olom

416 5491 592 5572 minorem
619 5489 744 5598 quom
769 5487 885 5568 situm
911 5489 1106 5572 aooedcns.

468 5645 553 5726 Iam
585 5667 679 5726 vero
715 5642 828 5748 hujus
865 5645 1066 5725 vertebrae
1101 5644 1334 5752 grutatoriao
1367 5667 1573 5750 processus
1611 5645 1789 5750 spinosus
1823 5671 1870 5726 ex
1905 5651 2033 5754 amplo

417 5807 608 5886 enascitur
633 5833 717 5886 osse
738 5805 926 5916 porr'ctolr‘
948 5805 990 5916 (l.
1013 5834 1047 5886 c.
1070 5805 1130 5916 b.)
1149 5831 1314 5913 superne
1333 5806 1462 5911 plano,
1493 5807 1606 5913 inque
1624 5805 1879 5886 anterioribus
1897 5807 2033 5916 exiguo

420 5969 602 6052 foramine
619 5982 794 6076 pertuso,
821 5997 896 6082 quo
913 5971 1078 6077 pristina
1096 5971 1209 6076 hujus
1228 5961 1325 6052 nuuc
1345 5973 1496 6078 quidam
1513 5970 1696 6074 simplicis
1713 5969 1811 6050 ossis
1830 5970 2033 6076 diremptio

397 6163 400 6234 3
418 6123 544 6204 notari
563 6123 734 6224 videtur;
755 6125 973 6230 posteriora
990 6150 1123 6206 versus
1143 6124 1182 6202 iu
1200 6125 1293 6203 duos
1313 6125 1481 6204 excurrit
1495 6147 1698 6228 processus
1713 6125 1910 6230 elongatos
1929 6149 2032 6208 com·

418 6304 650 6392 pressosque
669 6294 709 6366 et
726 6285 881 6391 oblique
909 6285 955 6364 ad
973 6284 1165 6366 exteriora
1182 6276 1400 6384 conuersos,
1423 6286 1486 6396 qui
1508 6285 1608 6369 inter
1625 6311 1667 6369 se
1686 6297 1727 6368 et
1744 6288 1923 6368 laterales
1942 6311 2033 6368 con·

459 6529 503 6622 (¹)
525 6529 691 6602 Osoemens
713 6536 836 6602 fossiles
851 6533 891 6602 V.
917 6547 996 6621 part.
1022 6535 1056 6602 2.
1081 6559 1152 6623 pag.
1177 6535 1256 6603 259,
