5582 7752
1425 875 1687 956 ..sp-

801 1061 948 1147 neusa
974 1061 1055 1142 rtis
1076 1059 1241 1142 ornatu
1267 1057 1412 1158 Brisa,
1442 1059 1501 1140 lt.
1528 1057 1738 1166 folmaollus
1763 1059 1795 1140 Τ
1795 1084 1901 1140 mm.
1928 1067 1971 1142 et
1996 1058 2201 1143 Nm
2222 1061 2364 1168 placo-

744 1247 819 1333 pos
845 1217 955 1304 loti.
986 1227 1028 1299 et
1055 1229 1238 1324 torquatus
1257 1215 1367 1296 Latlu
1399 1215 1635 1322 eucarpium
1652 1240 1772 1316 mare,
1803 1217 1852 1299 orl
1868 1213 2011 1324 Cyrum
2026 1243 2175 1302 amnem
2191 1227 2232 1302 at
2250 1217 2361 1318 alios,

748 1381 792 1464 in
804 1399 910 1461 mare
928 1378 978 1460 ab
996 1375 1195 1459 occidente
1210 1375 1423 1476 inlinentes,
1445 1375 1665 1486 frequentor
1678 1377 1941 1461 observantur.
1968 1377 2100 1486 Neque
2118 1377 2361 1488 Scolopooss,

748 1555 793 1626 ut
823 1542 869 1626 S.
900 1540 1083 1649 pulticula
1109 1539 1172 1636 L„
1202 1540 1324 1646 major
1350 1540 1413 1638 L,
1443 1539 1629 1620 rusticulo
1655 1540 1717 1636 L„
1748 1541 1788 1620 in
1813 1539 2151 1646 caspio-casuariis
2177 1541 2327 1622 desunt.

801 1704 952 1788 limoso
977 1701 1068 1809 rufo
1094 1699 1219 1780 Briso.
1259 1709 1302 1781 et
1335 1701 1529 1780 ruslouuro
1555 1697 1668 1780 aaut.
1699 1719 1806 1780 oram
1831 1699 2003 1804 caspiam
2028 1698 2366 1805 septentrionalem

747 1875 789 1948 et
816 1862 1089 1945 occidentalem
1115 1859 1237 1940 minus
1266 1857 1487 1966 frequenter
1516 1859 1709 1958 advolant,
1738 1859 1868 1967 ibique
1896 1859 2028 1940 Rullus
2055 1858 2217 1966 pusillus
2240 1857 2362 1960 Poll,

756 2027 901 2134 Triope
922 2047 1085 2135 popone
1111 2021 1174 2122 L„
1204 1997 1355 2103 reuerso
1382 2023 1444 2125 L„
1474 2022 1616 2104 ms'auto
1642 2023 1755 2104 Laial.
1784 2035 1826 2105 et
1851 2025 2050 2106 variabilis
2076 2025 2179 2134 nep.
2209 1985 2361 2131 degunt.

802 2189 997 2272 ludantur
1023 2189 1128 2270 hisce
1165 2213 1317 2295 quoque
1349 2187 1517 2268 loturus
1540 2186 1704 2268 oals'dris
1730 2185 1882 2270 Bechst.
1913 2202 1955 2272 et
1981 2191 2167 2300 antropus
2200 2187 2362 2282 Troum,

749 2349 1023 2432 occidentalem
1050 2347 1166 2428 maris
1186 2372 1295 2427 oram
1308 2347 1548 2454 potissimum
1568 2347 1868 2456 frequentantes,
1899 2361 1941 2432 et
1957 2377 2043 2432 cum
2062 2351 2197 2434 iisdem
2214 2375 2365 2457 qaoque

756 2505 927 2590 Vercellas
965 2505 1147 2586 cristatus
1183 2503 1286 2610 Moy.
1326 2503 1372 2582 In
1408 2505 1541 2586 eadem
1577 2529 1729 2614 quoque
1765 2531 1836 2586 ora
1872 2507 2124 2589 observantur
2162 2505 2364 2588 Cursorius

748 2659 962 2742 sarecenos
975 2659 1096 2766 May,
1122 2655 1314 2740 Galls'aula
1327 2659 1526 2768 chloropus
1541 2660 1668 2760 tatu,
1690 2661 1908 2770 Porphyris
1928 2660 2189 2770 byacs'otbs'aus
2209 2661 2361 2758 Tenum„
2416 2671 2421 2684 '

751 2824 883 2906 Rullus
902 2821 1099 2928 aquaticus
1119 2822 1162 2904 L.
1182 2821 1324 2928 aliique
1344 2822 1383 2902 in
1400 2822 1568 2904 iberiam
1587 2851 1705 2933 usque
1723 2839 1979 2931 permeantes.
2006 2826 2186 2909 Glaroola
2203 2827 2364 2934 denique

751 2983 946 3064 austriaca
972 2979 1091 3062 LGm.
1122 2993 1162 3062 et
1189 2995 1367 3088 torquata
1384 2982 1486 3092 May.
1520 2983 1592 3092 (an
1622 2983 1670 3065 G.
1687 2985 1882 3096 protr'colu
1899 2987 2002 3070 Pau
2017 2985 2082 3096 l),
2113 2989 2153 3068 in
2169 2988 2364 3070 occidente

749 3139 865 3220 maris
893 3136 1134 3246 frequentes,
1165 3137 1203 3216 in
1229 3137 1398 3220 Iberiam
1424 3137 1717 3248 Colchidemque
1745 3143 1919 3249 migrant.

801 3294 834 3375 Ε
866 3293 1034 3376 Cicoor'is
1069 3295 1276 3400 praecipue
1307 3293 1353 3377 C.
1385 3297 1473 3375 alba
1500 3297 1544 3377 L.
1585 3297 1924 3404 septentrionalem
1951 3323 2060 3379 oram
2085 3299 2279 3403 caspiam,
2317 3299 2365 3379 ad

747 3458 878 3539 fluvios
907 3457 1031 3538 Terek
1066 3470 1107 3539 et
1134 3457 1316 3565 Volgum,
1356 3471 1396 3540 et
1435 3460 1481 3541 C.
1521 3461 1635 3568 uiqra
1671 3463 1715 3543 L.
1756 3465 2006 3546 australiores
2033 3465 2161 3570 potins
2190 3465 2364 3570 regiones

748 3618 897 3724 caspias
934 3617 1088 3716 incolit,
1136 3643 1222 3698 cum
1261 3617 1363 3724 Grue
1405 3620 1556 3700 cs'ucrea
1591 3620 1742 3702 Bechst.
1791 3635 1832 3704 et
1875 3623 2109 3734 frequentius
2155 3625 2209 3706 ibi
2252 3623 2366 3705 obvia

749 3777 786 3860 F
787 3747 888 3860 ulica
924 3790 1013 3857 atra
1048 3777 1092 3858 b.
1132 3779 1283 3860 Pariter
1310 3804 1461 3887 quoque
1488 3780 1733 3891 Pluluropus
1760 3783 2012 3891 hyperboreus
2044 3784 2179 3864 Temm.
2209 3781 2365 3864 eandem

749 3965 876 4040 oram,
908 3953 1076 4024 austrum
1104 3968 1260 4041 versos,
1291 3954 1408 4024 tenet.

801 4098 993 4178 Econtra
1020 4095 1312 4176 Recurus'rostra
1340 4109 1511 4176 auocetto
1538 4096 1582 4177 L.
1613 4109 1653 4179 et
1670 4095 1849 4178 Plataico
1865 4095 2128 4178 leucorrkods'n
2149 4093 2193 4176 L.
2225 4097 2263 4177 in
2277 4123 2367 4206 sep·

748 4229 967 4346 tenlrionali
993 4265 1120 4372 potius
1149 4265 1278 4345 littore
1306 4265 1456 4392 obviae,
1487 4266 1534 4346 ad
1562 4239 1764 4346 Terelium
1791 4291 1913 4376 usqne
1940 4291 2089 4348 amnem
2116 4267 2361 4366 descendant,

746 4449 869 4532 neque
906 4434 1033 4502 tamen
1066 4421 1252 4502 orientem
1279 4446 1411 4500 versus
1447 4411 1734 4520 desiderantur,
1773 4425 1839 4502 obi
1867 4449 2018 4532 quoque
2045 4424 2366 4532 Phoem'copterus
2451 4487 2456 4500 .

746 4575 859 4655 ruber
886 4574 947 4670 L„
977 4575 1119 4678 magnis
1139 4573 1327 4680 gregibus
1357 4574 1405 4653 ad
1423 4574 1546 4654 sinum
1564 4573 1858 4690 belchanensem
1875 4577 1992 4682 degit,
2023 4577 2185 4682 indeque
2204 4577 2243 4653 in
2260 4599 2366 4654 oram

747 4737 1020 4819 occidentalem
1046 4749 1086 4818 et
1113 4739 1450 4846 septentrionalem
1476 4747 1665 4844 permeat,
1696 4739 1743 4819 ad
1770 4739 1874 4818 lacus
1899 4723 2021 4819 salsos
2048 4735 2367 4844 septentrionales

747 4895 847 4980 baud
874 4897 1106 5006 infrequens.

798 5065 1017 5144 Postremus
1045 5065 1273 5144 Natotorum
1302 5060 1396 5139 ordo
1423 5059 1707 5166 copiosissimas
1735 5059 1848 5139 offert
1875 5055 2038 5164 species,
2069 5085 2167 5166 quae
2193 5057 2364 5139 centenis

720 5221 970 5326 ‘plerumque
998 5221 1268 5326 speciminibus
1296 5244 1403 5300 orum
1431 5219 1660 5301 maritimam
1686 5217 1930 5325 majoresque
1957 5245 2086 5301 amnes
2114 5217 2297 5300 incolunt.

799 5367 833 5451 E
860 5369 1148 5478 Looqrpeuuiam
1176 5357 1318 5453 familia
1337 5371 1563 5452 Steraorum
1590 5371 1739 5477 species
1758 5395 1983 5454 numerosae
2002 5373 2049 5452 ad
2066 5373 2239 5477 caspium
2257 5395 2363 5451 mare

747 5553 841 5632 prae
874 5523 1012 5609 ceteris
1050 5525 1402 5635 frequentissimae,
1441 5531 1617 5637 interque
1652 5552 1718 5610 eas
1753 5529 1980 5634 praesertim
2009 5529 2071 5609 St.
2102 5528 2262 5608 hirundo
2290 5527 2361 5623 L,

746 5681 860 5791 us'qra
887 5686 957 5783 L,
997 5682 1168 5795 (fissipes
1199 5683 1328 5794 Gm.),
1368 5687 1501 5795 caspio
1534 5685 1664 5786 Palu,
1701 5687 1842 5767 mr’uuta
1868 5684 1971 5768 Patr.
2002 5701 2043 5770 et
2069 5685 2204 5767 ucecia
2231 5683 2333 5765 Poll.
2349 5747 2360 5786 ,

746 5870 904 5926 numero
941 5846 1187 5953 speciminum
1220 5845 1322 5928 haud
1357 5847 1628 5954 conputabili,
1667 5848 1706 5927 in
1742 5845 1875 5928 insulis
1910 5847 2050 5943 maris,
2096 5845 2209 5953 inque
2245 5845 2361 5928 variis

746 6007 941 6089 littoribus
978 6010 1025 6088 ad
1061 6009 1175 6092 ostia'
1194 5967 1381 6116 majorum
1413 6007 1632 6110 fluviorum,
1671 6034 1793 6120 neque
1830 6036 1918 6093 raro
1955 6013 1994 6092 in
2029 6011 2172 6093 dissitis
2208 6039 2230 6093 a
2266 6014 2361 6094 man'

747 6167 841 6248 locis
877 6165 1030 6250 devexis
1058 6147 1285 6269 occurrlmt3
1324 6170 1371 6251 iis
1401 6169 1529 6277 itaque
1556 6170 1728 6276 Luroquc
1756 6197 1850 6250 caua
1883 6171 1926 6251 L.
1961 6169 2106 6252 insulae
2137 6171 2361 6252 Kulalenses

748 6325 919 6434 aliaeque
946 6353 993 6410 ex
1012 6337 1095 6407 tota
1114 6325 1358 6408 obsidebtur:
1389 6329 1605 6410 nidulantar
1623 6327 1776 6428 ibidem,
1806 6329 2042 6440 millenisque
2060 6331 2157 6427 ovis,
2189 6329 2227 6406 in
2245 6348 2361 6408 arena

747 6482 956 6586 depositis,
987 6483 1129 6563 insulas
1154 6451 1371 6590 contegens
