5582 7752
1435 865 1698 948 ..rs-

763 1052 938 1136 omnibus
964 1053 1052 1137 latis
1077 1061 1120 1134 et
1145 1051 1282 1160 longis,
1313 1052 1429 1134 rectis
1456 1051 1545 1136 dein
1571 1074 1616 1134 ac
1633 1047 1781 1155 planis,
1810 1049 1937 1134 antioc
1954 1047 2002 1150 5,
2031 1052 2184 1158 postico
2202 1049 2241 1150 l,
2271 1049 2377 1134 hisce

764 1217 998 1326 aliquantum
1030 1215 1260 1324 compressis
1296 1224 1338 1298 ot
1372 1213 1536 1298 incurris
1547 1273 1559 1314 ,
1598 1212 1765 1320 squamis
1800 1223 1891 1320 post
1925 1237 1993 1296 eos
2029 1213 2152 1298 obuiis
2180 1213 2373 1314 robustis,

666 1343 671 1353 ἱ
765 1371 1011 1471 acuminatis,
1050 1371 1212 1472 erectis,
1255 1370 1557 1454 succenturiatos
1593 1370 1871 1479 quodammodo
1907 1397 2050 1480 ungues
2094 1371 2372 1472 rciereutibns3

763 1536 908 1620 similes
943 1535 1106 1644 deniqne
1140 1559 1320 1643 squamae
1354 1557 1511 1642 maguae
1544 1543 1585 1616 ot
1619 1533 1844 1618 suberectae
1869 1536 2020 1643 plantas
2046 1527 2213 1620 omnium
2237 1536 2378 1642 pedum

764 1696 923 1787 ornaut3
952 1683 1132 1766 notabilis
1159 1695 1356 1790 postremo
1383 1683 1502 1764 callus
1529 1681 1699 1782 conicus,
1729 1683 1810 1766 sire
1837 1683 1951 1768 tuber
1976 1683 2152 1792 grandius
2179 1706 2373 1780 comeum,

765 1848 867 1931 inter
891 1847 1061 1956 posticos
1080 1846 1197 1954 pedes
1213 1845 1462 1954 caudamque,
1491 1869 1606 1926 uuum
1623 1844 1802 1950 pollicem
1821 1845 1937 1926 latam
1953 1855 1995 1928 et
2016 1846 2179 1954 longam,
2208 1841 2376 1947 iuterpo

765 2014 893 2096 sitnm.

817 2159 932 2288 Color
967 2171 1091 2244 testae
1125 2157 1288 2239 dorsalis
1324 2155 1502 2254 llasidns,
1541 2153 1735 2236 mrlesccns
1747 2213 1759 2254 ,
1797 2154 2175 2264 nigro-maculatus,
2213 2175 2377 2260 superne

763 2315 934 2398 nonnihil
960 2312 1182 2411 obscurior,
1213 2308 1359 2392 inlerue
1386 2309 1547 2392 lucidius
1574 2309 1705 2390 naun.

814 2469 914 2552 Huic
939 2467 1084 2574 speciei
1109 2463 1271 2546 maxime
1298 2461 1418 2546 affinis
1446 2473 1507 2546 cst
1530 2461 1632 2544 Test.
1663 2463 1865 2544 colccroto
1899 2463 2023 2574 lldpp.
2053 2491 2103 2545 ex
2128 2461 2346 2570 Abyssinia.

1449 2687 1708 2710 *-

815 2832 1036 2942 Complures
1069 2833 1157 2914 dein
1182 2831 1427 2914 boccrtoram
1459 2857 1604 2940 eaeque
1640 2795 1750 2913 rarae
1783 2834 1931 2938 specics
1964 2831 2287 2940 caspio-caucasis
2319 2830 2376 2910 iu-

639 2994 643 3004 ’
762 2997 913 3097 colunt,
944 2995 1065 3104 iisque
1092 2992 1390 3076 adnumerandus
1416 2993 1623 3100 praecipue
1650 3004 1876 3100 sequentes:

1001 3335 1415 3422 rsanrrrosauaus
1440 3265 1646 3420 casurus
1671 3363 1720 3418 m.
1759 3299 1850 3419 rb.
1882 3365 1944 3420 vn.
1976 3365 2052 3422 vm.
2083 3366 2133 3418 ιι.

805 3573 1139 3649 PSAMMOSAURUS
1161 3573 1276 3646 clSt’.
1302 3574 1429 3663 Zoolog.
1446 3599 1534 3664 spec.
1551 3601 1603 3642 rrr.
1622 3599 1655 3662 p.
1676 3573 1759 3658 190,
1784 3589 1816 3644 et
1835 3577 1969 3646 Bulletiu
1991 3583 2030 3646 de
2049 3579 2079 3646 la
2094 3575 2168 3646 Soc.
2185 3581 2239 3646 des
2253 3575 2327 3644 Nat.

1323 3717 1362 3782 de
1380 3711 1529 3796 Moscon,
1555 3709 1621 3786 M
1643 3711 1682 3782 V.
1712 3711 1809 3782 1838.

812 3935 1151 4044 Nigro-fasciatus,
1192 3935 1331 4015 insciae
1364 3959 1413 4015 er
1441 3932 1547 4014 lirsco
1573 3935 1703 4040 nigrae
1730 3961 1799 4015 sex
1824 3937 1924 4016 inter
1949 3935 2068 4040 pedes
2094 3935 2305 4016 anteriores
2332 3947 2373 4018 et

759 4093 993 4204 posteriores
1022 4089 1266 4172 transversim
1293 4088 1452 4190 obviae,
1491 4089 1593 4170 latae
1604 4148 1616 4188 ,
1655 4090 1703 4171 ad
1736 4089 1858 4172 latera
1890 4089 2100 4172 abdominis
2127 4101 2368 4190 attenuatae,

758 4247 983 4360 simpliciter
1001 4245 1246 4344 terminatae,
1277 4244 1492 4354 ibidemque
1520 4243 1559 4324 in
1585 4243 1710 4326 medio
1737 4243 1858 4324 latere
1884 4241 1984 4323 inter
2007 4241 2099 4326 duas
2119 4241 2254 4326 fascias
2272 4245 2371 4328 aliae

759 4407 951 4490 tenuiores
977 4404 1227 4508 conspicuae,
1265 4401 1385 4482 cauda
1410 4401 1474 4482 rix
1500 4399 1820 4507 nigro-fasciato,
1859 4400 1999 4486 lasciue
2026 4405 2161 4486 saltem
2187 4404 2260 4486 sub
2285 4403 2369 4509 ejus

758 4569 866 4650 initio
894 4563 1182 4671 inconspicuae,
1212 4562 1331 4644 cauda
1349 4563 1435 4667 ipsa
1452 4573 1580 4661 teres,
1609 4563 1759 4670 apicem
1775 4591 1907 4648 sersus
1924 4568 2075 4649 demum
2091 4569 2371 4676 subtriquetro·

755 4715 1099 4825 compressiuscula
1124 4715 1338 4824 ibidemque
1364 4715 1624 4816 subcarinata,
1655 4718 1787 4800 mediis
1805 4744 1860 4801 sc.
1882 4720 2088 4832 squamulis
2107 4743 2371 4828 nonnunquam

756 4867 1080 4954 eminentioribus.

808 5031 907 5148 llab.
945 5030 983 5110 in
1017 5027 1147 5136 caspio
1183 5028 1315 5111 littore
1350 5029 1550 5130 orientali,
1593 5032 1641 5113 ad
1681 5032 1804 5112 sinum
1843 5031 2136 5114 balchanensem
2170 5032 2210 5112 in
2249 5031 2371 5114 insula
2454 5059 2467 5104 ε

754 5187 951 5286 Dardsha,
981 5198 1022 5269 et
1047 5188 1182 5271 exinde
1208 5189 1248 5270 in
1265 5189 1436 5272 Persium
1463 5216 1583 5300 usque
1610 5216 1839 5292 excurrens,
1869 5190 2009 5298 ubique
2036 5169 2127 5272 uero
2155 5189 2194 5271 in
2219 5191 2369 5276 arenosi

753 5345 896 5432 deserti
921 5346 1104 5428 cuniculis
1131 5349 1293 5456 degens,
1322 5349 1447 5431 calido
1460 5349 1701 5456 potissimum
1715 5361 1889 5457 tempore
1904 5349 2171 5450 absconditus,
2201 5375 2271 5432 nec
2295 5351 2368 5432 nisi

755 5501 881 5610 primo
897 5523 986 5584 vere
1009 5495 1163 5580 humido
1181 5501 1348 5584 latebras
1362 5528 1449 5584 suas
1464 5503 1660 5612 linquens,
1691 5505 1803 5613 inque
1822 5514 1928 5586 terra
1945 5502 2146 5586 celerrime
2163 5502 2364 5584 cursitans.

807 5662 994 5771 Squamae
1019 5661 1190 5746 dorsales
1218 5663 1475 5772 longiusculae
1501 5677 1703 5773 angustae,
1739 5666 1938 5775 medioque
1971 5667 2130 5774 gibbae,
2166 5663 2370 5748 eminentia

753 5829 912 5932 parvula
928 5840 1104 5930 nomme,
1135 5829 1327 5938 limboque
1345 5831 1547 5937 granuloso
1565 5831 1735 5931 cinctae,
1767 5831 1931 5938 granulis
1950 5830 2118 5937 paruulis
2138 5829 2201 5910 uir
2217 5830 2368 5936 conspi-

740 5984 857 6128 cuis,
895 6011 941 6068 ac
974 5987 1061 6070 dein
1092 5989 1206 6096 plane
1238 5987 1405 6072 c'rauidis
1417 6049 1429 6090 ,
1468 5991 1621 6101 utnsola
1645 5992 1744 6074 cutis
1771 6017 1848 6074 non
1873 6015 2100 6102 squamosa,
2135 5991 2203 6074 sed
2229 6017 2368 6102 rugosa

752 6143 903 6227 residua
929 6141 994 6222 sit.

804 6303 850 6384 ln
876 6303 962 6386 aliis
989 6316 1171 6386 econtra
1206 6307 1408 6413 speciebus
1443 6313 1636 6392 extraneis
1658 6312 1840 6430 dorsales
1874 6337 2055 6420 squamae
2081 6314 2210 6420 potius
2238 6311 2367 6394 orales

752 6462 877 6550 medio
893 6463 1054 6574 gibbum
1085 6467 1232 6567 laeves,
1262 6469 1429 6576 margine
1455 6473 1659 6578 panuloso
1684 6499 1925 6584 squamarum
1951 6457 2164 6561 condalium
2191 6475 2367 6580 exemplo
