5628 7750
603 1455 893 1570 PSliUDOPUS
921 1481 1289 1583 SERPENTINUS,
1320 1481 1442 1570 Merr.
1473 1480 1564 1562 Tan.
1597 1508 1683 1562 xvn.
1714 1481 1794 1562 Fra.
1825 1481 1862 1562 t.
1977 1612 1979 1621 Ι

799 1799 963 1880 Lacerta
990 1801 1117 1910 epodo
1143 1797 1246 1882 Pate

799 1953 1014 2066 Proctopas
1041 1955 1210 2038 Paltosii
1233 1955 1271 2038 F
1271 1955 1364 2037 iaci.

798 2105 914 2218 Bt'pm
940 2107 1108 2190 Pollasii
1135 2107 1232 2219 opp.

802 2271 1038 2382 Oplc'saums
1064 2274 1296 2384 serpentinus
1322 2301 1370 2354 m.
1403 2273 1437 2354 Z
1440 2276 1513 2354 ool.
1544 2299 1644 2381 spec.

768 2439 771 2446 '
799 2429 1019 2540 Pseudopas
1046 2431 1083 2512 F
1083 2431 1225 2511 iscltcri
1247 2427 1350 2518 Men.
1381 2441 1421 2512 et
1553 2521 1556 2530 ,

799 2589 940 2671 Pseud.
959 2589 1249 2672 servittem.
1268 2589 1420 2696 juniora
1440 2587 1659 2695 specimina.

482 2901 653 3013 Superne
671 2905 860 3004 bruneus,
890 2905 1037 2989 inferne
1054 2931 1103 2988 er
1120 2906 1216 2988 llavo
1235 2907 1402 3005 albidus,
1433 2906 1656 3012 angulosum,
1687 2903 1917 2986 imbricatim
1933 2929 2045 3012 squa-

429 3093 580 3168 mosus,
609 3069 736 3176 capite
762 3079 933 3168 scutato,
963 3069 1155 3169 acutiore,
1186 3079 1405 3176 tetragono,
1435 3067 1555 3150 cauda
1581 3065 1812 3172 longissima.

481 3223 580 3308 Hab.
611 3227 650 3307 in
677 3223 806 3309 lberia
833 3225 1087 3334 Albaniaque,
1125 3225 1173 3308 ad
1205 3223 1344 3334 Cynum
1378 3207 1546 3324 amnem
1583 3247 1716 3307 uersus
1742 3249 1847 3306 mare
1875 3223 2045 3330 caspium

430 3395 470 3466 et
496 3384 601 3466 alibi.
639 3383 641 3392 ’
1779 3399 1782 3404 ’

469 3543 628 3654 'Corpus
646 3563 911 3655 squamosum,
932 3569 1110 3655 squamae
1128 3557 1283 3645 tenum,
1305 3543 1460 3652 oblique
1477 3542 1816 3652 quadrangulatos,
1837 3566 1909 3648 per
1927 3543 2046 3625 series

431 3697 622 3802 regulares
658 3697 947 3803 longitudiuales
981 3721 1054 3779 nec
1088 3719 1164 3776 non
1197 3705 1433 3776 transversas
1470 3692 1707 3798 dispositae,
1749 3687 1963 3790 cannatae,
2007 3693 2046 3771 in

369 3863 371 3879 '
430 3875 570 3956 supera
603 3851 778 3956 corporis
815 3852 1032 3959 caudaeque
1066 3861 1176 3957 parte
1209 3862 1250 3932 et
1282 3849 1404 3931 infera
1436 3847 1590 3929 omnino
1617 3847 1855 3946 consimiles,
1895 3847 2046 3934 cannae

401 3995 659 4112 ‘singularum
691 4031 934 4113 squamarum
966 4017 1009 4089 se
1042 4007 1201 4090 invicem
1235 4005 1472 4113 excipientes
1507 4003 1670 4114 indeque
1694 4001 1850 4086 carinae
1886 4004 2047 4112 longitu-

429 4165 574 4246 dinales
600 4167 762 4248 obortae
788 4167 989 4276 ipsumque
1015 4171 1155 4274 corpus
1182 4167 1376 4276 caudaque
1393 4165 1535 4248 ibidem
1551 4169 1941 4275 carinula-ungulam
1971 4193 2047 4274 quo

430 4319 493 4418 lit,
523 4331 566 4400 ut
592 4320 632 4400 in
657 4321 799 4402 dorsali
825 4321 1001 4428 corporis
1027 4331 1139 4428 parte
1169 4319 1237 4418 10,
1274 4321 1313 4400 in
1345 4320 1494 4402 caudali
1526 4345 1667 4428 supera
1699 4345 1791 4404 vero
1819 4318 1845 4401 5
1871 4319 2043 4420 carinae,

430 4449 490 4558 et'
507 4477 665 4560 totidem
701 4500 852 4584 quoqne
886 4477 927 4558 in
961 4475 1083 4558 iniere
1118 4485 1279 4584 utraque
1319 4485 1533 4555 nascantur.
1577 4475 1733 4573 Priores
1768 4487 1859 4582 post
1894 4473 2048 4582 occiput

431 4655 610 4742 squamae
646 4635 768 4713 minus
803 4634 1016 4732 carinatae,
1059 4630 1295 4730 levissimae,
1338 4631 1611 4731 semilunares,
1651 4655 1781 4714 omnes
1816 4630 2047 4712 imbricatim

365 4821 371 4834 ·
431 4789 548 4888 sitae,
587 4788 809 4870 obscuriore
844 4789 1011 4896 margine
1046 4797 1224 4887 notatae3
1240 4817 1244 4824 ⁴
1262 4785 1492 4894 marginibus
1527 4787 1778 4892 complurium
1805 4811 2047 4895 squamarum

431 4952 469 5031 in
496 4977 570 5032 una
597 4951 696 5032 linea
723 4961 941 5032 aansversa
963 4947 1298 5055 sitarumposticis
1318 4948 1477 5030 invicem
1495 4948 1707 5055 conjunctis
1726 4949 1888 5057 indeque
1906 4971 2046 5056 corpus

430 5109 491 5190 bis
514 5112 553 5190 in
572 5110 667 5190 locis
683 5108 959 5216 quodammodo
973 5109 1173 5190 obscurius
1191 5110 1437 5192 transversim
1450 5109 1691 5216 tenuiterque
1706 5108 1902 5192 fasciatum
1921 5109 2047 5192 coelii-

433 5269 632 5354 cientibus.
677 5269 836 5354 Curium
872 5259 1114 5380 squamamm
1149 5271 1367 5378 posteriora
1402 5297 1533 5354 versus
1574 5271 1716 5354 sensim
1750 5273 2047 5374 eminentiores,

431 5423 593 5530 ideoque
619 5421 739 5504 cauda
765 5419 984 5528 longissima
1010 5421 1244 5502 acutioribus
1272 5421 1416 5528 angulis
1444 5431 1587 5502 notata.

483 5577 700 5676 abdomen,
722 5577 827 5658 dorsi
846 5577 967 5660 instar
987 5577 1036 5658 to
1052 5578 1294 5686 angulosum,
1324 5577 1470 5686 auguriis
1489 5587 1615 5660 amen
1633 5577 1739 5661 hisce
1757 5579 1878 5658 miuus
1897 5579 2049 5685 conspi-

430 5737 511 5818 cuis
545 5761 616 5820 neo
651 5737 724 5817 nisi
757 5759 890 5818 versus
923 5761 1037 5817 anum
1069 5737 1212 5836 acutis,
1248 5735 1497 5844 prominulis3
1533 5761 1720 5844 squamae
1740 5735 2048 5818 abdominalesa
2133 5828 2138 5836 ¹

432 5895 689 5978 consimilibus
726 5895 940 5977 dorsalibus
976 5907 1140 6005 utroque
1173 5897 1215 5977 in
1248 5897 1368 5979 latere
1397 5853 1650 6004 ⁸profundiore
1678 5897 1784 5977 sulco
1811 5895 2047 5978 abinvicem

406 6055 663 6162 ·diremptae;
694 6055 778 6160 ipso
805 6055 912 6136 sulco
939 6056 1091 6136 minutis
1121 6053 1327 6162 squamulis
1354 6065 1551 6152 contecto,
1581 6053 1744 6161 ideoque
1771 6065 1934 6162 utroque
1961 6079 2048 6135 cor-

409 6175 537 6318 'poss
565 6213 685 6294 nem
709 6212 763 6292 es
780 6209 910 6308 motu,
940 6211 1054 6291 aomo
1072 6222 1200 6292 autem
1217 6211 1513 6320 neemiaeque,
1531 6211 1685 6322 ,aurae
1704 6213 1844 6310 instar,
1875 6212 2047 6293 roseus

432 6367 597 6476 squamis
626 6376 757 6474 argute
783 6366 962 6448 carinatis
990 6367 1205 6448 dumoribus
1232 6369 1432 6458 contectis.

484 6517 562 6598 Sub
596 6518 739 6600 caudae
775 6517 919 6625 origine
956 6517 1003 6604 18
1038 6519 1158 6602 series
1194 6545 1434 6628 squamarum
1467 6522 1602 6605 obviae
1629 6524 1824 6630 caudaque
1851 6523 1965 6630 igitur
1991 6523 2044 6602 ibi
