<?xml version="1.0" encoding="UTF-8"?>
<!DOCTYPE html PUBLIC "-//W3C//DTD XHTML 1.0 Transitional//EN"
    "http://www.w3.org/TR/xhtml1/DTD/xhtml1-transitional.dtd">
<html xmlns="http://www.w3.org/1999/xhtml" xml:lang="en" lang="en">
 <head>
  <title>
</title>
<meta http-equiv="Content-Type" content="text/html;charset=utf-8" />
  <meta name='ocr-system' content='tesseract 3.04.00' />
  <meta name='ocr-capabilities' content='ocr_page ocr_carea ocr_par ocr_line ocrx_word'/>
</head>
<body>
  <div class='ocr_page' id='page_1' title='image "./faunacaspiocauc00eichgoog_0036.png"; bbox 0 0 5582 7752; ppageno 0'>
   <div class='ocr_carea' id='block_1_1' title="bbox 1141 928 1412 1008">
    <p class='ocr_par' dir='ltr' id='par_1_1' title="bbox 1141 928 1412 1008">
     <span class='ocr_line' id='line_1_1' title="bbox 1141 928 1412 1008; baseline 0 -16"><span class='ocrx_word' id='word_1_1' title='bbox 1141 928 1412 1008; x_wconf 72' lang='lat' dir='ltr'><strong>..gg-.-</strong></span> 
     </span>
    </p>
   </div>
   <div class='ocr_carea' id='block_1_2' title="bbox 461 1113 2075 1384">
    <p class='ocr_par' dir='ltr' id='par_1_2' title="bbox 461 1113 2075 1384">
     <span class='ocr_line' id='line_1_2' title="bbox 464 1113 2075 1226; baseline -0.003 -28"><span class='ocrx_word' id='word_1_2' title='bbox 464 1119 565 1226; x_wconf 74' lang='lat' dir='ltr'><strong>(hur</strong></span> <span class='ocrx_word' id='word_1_3' title='bbox 584 1115 643 1225; x_wconf 87' lang='lat'><strong>(*)</strong></span> <span class='ocrx_word' id='word_1_4' title='bbox 689 1113 959 1224; x_wconf 87' lang='lat' dir='ltr'><strong>Polonorum),</strong></span> <span class='ocrx_word' id='word_1_5' title='bbox 1008 1115 1159 1201; x_wconf 89' lang='lat' dir='ltr'><strong>omnino</strong></span> <span class='ocrx_word' id='word_1_6' title='bbox 1186 1114 1373 1194; x_wconf 90' lang='lat' dir='ltr'><strong>exstincta</strong></span> <span class='ocrx_word' id='word_1_7' title='bbox 1390 1113 1521 1220; x_wconf 89' lang='lat' dir='ltr'><strong>stirpe</strong></span> <span class='ocrx_word' id='word_1_8' title='bbox 1556 1113 1679 1194; x_wconf 78' lang='lat' dir='ltr'><strong>Tauri</strong></span> <span class='ocrx_word' id='word_1_9' title='bbox 1702 1114 1923 1213; x_wconf 74' lang='lat' dir='ltr'><strong>domestici,</strong></span> <span class='ocrx_word' id='word_1_10' title='bbox 1954 1115 2075 1196; x_wconf 87' lang='lat' dir='ltr'><strong>hestia</strong></span> 
     </span>
     <span class='ocr_line' id='line_1_3' title="bbox 461 1251 2073 1384; baseline -0.001 -34"><span class='ocrx_word' id='word_1_11' title='bbox 461 1269 685 1376; x_wconf 80' lang='lat' dir='ltr'><strong>grandiore,</strong></span> <span class='ocrx_word' id='word_1_12' title='bbox 717 1267 958 1365; x_wconf 81' lang='lat' dir='ltr'><strong>robustiore,</strong></span> <span class='ocrx_word' id='word_1_13' title='bbox 990 1265 1201 1362; x_wconf 73' lang='lat' dir='ltr'><strong>ferociora,</strong></span> <span class='ocrx_word' id='word_1_14' title='bbox 1232 1265 1382 1384; x_wconf 80' lang='lat' dir='ltr'><strong>pridem</strong></span> <span class='ocrx_word' id='word_1_15' title='bbox 1410 1265 1449 1343; x_wconf 91' lang='lat' dir='ltr'><strong>in</strong></span> <span class='ocrx_word' id='word_1_16' title='bbox 1466 1264 1688 1346; x_wconf 83' lang='lat' dir='ltr'><strong>Germaniae</strong></span> <span class='ocrx_word' id='word_1_17' title='bbox 1707 1265 1868 1371; x_wconf 82' lang='lat' dir='ltr'><strong>sylvosis</strong></span> <span class='ocrx_word' id='word_1_18' title='bbox 1888 1251 2073 1372; x_wconf 76' lang='lat' dir='ltr'><strong>indigena,</strong></span> 
     </span>
    </p>
   </div>
   <div class='ocr_carea' id='block_1_3' title="bbox 460 1425 2104 2664">
    <p class='ocr_par' dir='ltr' id='par_1_3' title="bbox 461 1425 2078 1695">
     <span class='ocr_line' id='line_1_4' title="bbox 462 1425 2078 1538; baseline -0.001 -29"><span class='ocrx_word' id='word_1_19' title='bbox 462 1429 573 1534; x_wconf 91' lang='lat' dir='ltr'><strong>cujus</strong></span> <span class='ocrx_word' id='word_1_20' title='bbox 600 1455 751 1538; x_wconf 91' lang='lat' dir='ltr'><strong>quoque</strong></span> <span class='ocrx_word' id='word_1_21' title='bbox 774 1454 865 1510; x_wconf 88' lang='lat' dir='ltr'><strong>ossa</strong></span> <span class='ocrx_word' id='word_1_22' title='bbox 894 1427 1061 1524; x_wconf 90' lang='lat' dir='ltr'><strong>fossilia,</strong></span> <span class='ocrx_word' id='word_1_23' title='bbox 1092 1425 1244 1508; x_wconf 90' lang='lat' dir='ltr'><strong>minime</strong></span> <span class='ocrx_word' id='word_1_24' title='bbox 1273 1451 1364 1507; x_wconf 88' lang='lat' dir='ltr'><strong>vero</strong></span> <span class='ocrx_word' id='word_1_25' title='bbox 1391 1425 1460 1506; x_wconf 89' lang='lat' dir='ltr'><strong>Uri</strong></span> <span class='ocrx_word' id='word_1_26' title='bbox 1488 1427 1575 1523; x_wconf 95' lang='lat' dir='ltr'><strong>illa,</strong></span> <span class='ocrx_word' id='word_1_27' title='bbox 1607 1425 1645 1506; x_wconf 95' lang='lat' dir='ltr'><strong>in</strong></span> <span class='ocrx_word' id='word_1_28' title='bbox 1672 1426 1758 1534; x_wconf 84' lang='lat' dir='ltr'><strong>latis</strong></span> <span class='ocrx_word' id='word_1_29' title='bbox 1786 1427 1967 1510; x_wconf 90' lang='lat' dir='ltr'><strong>Poloniae</strong></span> <span class='ocrx_word' id='word_1_30' title='bbox 1985 1427 2078 1509; x_wconf 89' lang='lat' dir='ltr'><strong>Ger·</strong></span> 
     </span>
     <span class='ocr_line' id='line_1_5' title="bbox 461 1580 1495 1695; baseline -0.008 -27"><span class='ocrx_word' id='word_1_31' title='bbox 461 1587 683 1695; x_wconf 79' lang='lat' dir='ltr'><strong>masiaeque</strong></span> <span class='ocrx_word' id='word_1_32' title='bbox 709 1585 853 1692; x_wconf 91' lang='lat' dir='ltr'><strong>eampis</strong></span> <span class='ocrx_word' id='word_1_33' title='bbox 881 1585 1020 1691; x_wconf 89' lang='lat' dir='ltr'><strong>ubique</strong></span> <span class='ocrx_word' id='word_1_34' title='bbox 1049 1582 1291 1688; x_wconf 89' lang='lat' dir='ltr'><strong>reperiuntur</strong></span> <span class='ocrx_word' id='word_1_35' title='bbox 1308 1580 1386 1690; x_wconf 83' lang='lat'>(**).</span> <span class='ocrx_word' id='word_1_36' title='bbox 1490 1677 1495 1684; x_wconf 20' lang='grc' dir='ltr'>ι</span> 
     </span>
    </p>

    <p class='ocr_par' dir='ltr' id='par_1_4' title="bbox 460 1759 2104 2664">
     <span class='ocr_line' id='line_1_6' title="bbox 519 1759 2075 1871; baseline -0.001 -25"><span class='ocrx_word' id='word_1_37' title='bbox 519 1766 619 1846; x_wconf 86' lang='lat' dir='ltr'><strong>Uras</strong></span> <span class='ocrx_word' id='word_1_38' title='bbox 655 1767 805 1871; x_wconf 92' lang='lat' dir='ltr'><strong>itaque,</strong></span> <span class='ocrx_word' id='word_1_39' title='bbox 846 1763 988 1870; x_wconf 85' lang='lat' dir='ltr'><strong>insigne</strong></span> <span class='ocrx_word' id='word_1_40' title='bbox 1025 1764 1116 1842; x_wconf 92' lang='lat' dir='ltr'><strong>illud</strong></span> <span class='ocrx_word' id='word_1_41' title='bbox 1143 1761 1262 1842; x_wconf 82' lang='lat' dir='ltr'><strong>Boura</strong></span> <span class='ocrx_word' id='word_1_42' title='bbox 1298 1759 1465 1842; x_wconf 89' lang='lat' dir='ltr'><strong>ferorum</strong></span> <span class='ocrx_word' id='word_1_43' title='bbox 1500 1785 1642 1868; x_wconf 90' lang='lat' dir='ltr'><strong>genus,</strong></span> <span class='ocrx_word' id='word_1_44' title='bbox 1683 1762 1783 1868; x_wconf 92' lang='lat' dir='ltr'><strong>quod</strong></span> <span class='ocrx_word' id='word_1_45' title='bbox 1818 1761 1964 1868; x_wconf 83' lang='lat' dir='ltr'><strong>antiqui</strong></span> <span class='ocrx_word' id='word_1_46' title='bbox 1996 1763 2075 1866; x_wconf 90' lang='lat' dir='ltr'><strong>jam</strong></span> 
     </span>
     <span class='ocr_line' id='line_1_7' title="bbox 461 1913 2076 2021; baseline 0.002 -27"><span class='ocrx_word' id='word_1_47' title='bbox 461 1927 638 1997; x_wconf 89' lang='lat' dir='ltr'><strong>auctores</strong></span> <span class='ocrx_word' id='word_1_48' title='bbox 656 1915 850 1994; x_wconf 88' lang='lat' dir='ltr'><strong>Bisontem</strong></span> <span class='ocrx_word' id='word_1_49' title='bbox 867 1913 1042 2019; x_wconf 90' lang='lat' dir='ltr'><strong>jubatum</strong></span> <span class='ocrx_word' id='word_1_50' title='bbox 1059 1914 1257 2012; x_wconf 88' lang='lat' dir='ltr'><strong>dixerunt,</strong></span> <span class='ocrx_word' id='word_1_51' title='bbox 1288 1913 1328 1994; x_wconf 94' lang='lat' dir='ltr'><strong>in</strong></span> <span class='ocrx_word' id='word_1_52' title='bbox 1345 1913 1497 1996; x_wconf 86' lang='lat' dir='ltr'><strong>devexis</strong></span> <span class='ocrx_word' id='word_1_53' title='bbox 1516 1913 1679 2021; x_wconf 82' lang='lat' dir='ltr'><strong>sylvosis</strong></span> <span class='ocrx_word' id='word_1_54' title='bbox 1698 1914 2076 1998; x_wconf 89' lang='lat' dir='ltr'><strong>ultracubanensibus</strong></span> 
     </span>
     <span class='ocr_line' id='line_1_8' title="bbox 462 2047 2078 2182; baseline 0.004 -33"><span class='ocrx_word' id='word_1_55' title='bbox 462 2069 586 2178; x_wconf 86' lang='lat' dir='ltr'><strong>degit,</strong></span> <span class='ocrx_word' id='word_1_56' title='bbox 625 2083 664 2151; x_wconf 92' lang='lat' dir='ltr'><strong>at</strong></span> <span class='ocrx_word' id='word_1_57' title='bbox 700 2073 842 2152; x_wconf 89' lang='lat' dir='ltr'><strong>sensim</strong></span> <span class='ocrx_word' id='word_1_58' title='bbox 877 2073 931 2151; x_wconf 94' lang='lat' dir='ltr'><strong>ibi</strong></span> <span class='ocrx_word' id='word_1_59' title='bbox 966 2071 1182 2179; x_wconf 87' lang='lat' dir='ltr'><strong>sensimque</strong></span> <span class='ocrx_word' id='word_1_60' title='bbox 1217 2072 1334 2178; x_wconf 87' lang='lat' dir='ltr'><strong>magis</strong></span> <span class='ocrx_word' id='word_1_61' title='bbox 1369 2072 1627 2178; x_wconf 87' lang='lat' dir='ltr'><strong>exstirpatur,</strong></span> <span class='ocrx_word' id='word_1_62' title='bbox 1666 2073 1720 2153; x_wconf 88' lang='lat' dir='ltr'><strong>ita</strong></span> <span class='ocrx_word' id='word_1_63' title='bbox 1746 2085 1790 2152; x_wconf 91' lang='lat' dir='ltr'><strong>ut</strong></span> <span class='ocrx_word' id='word_1_64' title='bbox 1816 2084 1906 2178; x_wconf 88' lang='lat' dir='ltr'><strong>post</strong></span> <span class='ocrx_word' id='word_1_65' title='bbox 1931 2047 2078 2182; x_wconf 75' lang='lat' dir='ltr'><strong>aliquot</strong></span> 
     </span>
     <span class='ocr_line' id='line_1_9' title="bbox 461 2209 2104 2338; baseline 0.005 -36"><span class='ocrx_word' id='word_1_66' title='bbox 461 2248 578 2338; x_wconf 84' lang='lat' dir='ltr'><strong>anpos</strong></span> <span class='ocrx_word' id='word_1_67' title='bbox 614 2209 808 2330; x_wconf 89' lang='lat' dir='ltr'><strong>perpauca</strong></span> <span class='ocrx_word' id='word_1_68' title='bbox 846 2223 1005 2306; x_wconf 79' lang='lat' dir='ltr'><strong>forsitan</strong></span> <span class='ocrx_word' id='word_1_69' title='bbox 1040 2226 1248 2332; x_wconf 89' lang='lat' dir='ltr'><strong>specimina</strong></span> <span class='ocrx_word' id='word_1_70' title='bbox 1283 2226 1368 2331; x_wconf 88' lang='lat' dir='ltr'><strong>ejus</strong></span> <span class='ocrx_word' id='word_1_71' title='bbox 1406 2227 1488 2306; x_wconf 83' lang='lat' dir='ltr'><strong>viva</strong></span> <span class='ocrx_word' id='word_1_72' title='bbox 1525 2226 1676 2308; x_wconf 91' lang='lat' dir='ltr'><strong>residua</strong></span> <span class='ocrx_word' id='word_1_73' title='bbox 1711 2225 1838 2308; x_wconf 90' lang='lat' dir='ltr'><strong>futura</strong></span> <span class='ocrx_word' id='word_1_74' title='bbox 1864 2229 1963 2327; x_wconf 88' lang='lat' dir='ltr'><strong>sint,</strong></span> <span class='ocrx_word' id='word_1_75' title='bbox 2003 2229 2104 2335; x_wconf 84' lang='lat' dir='ltr'><strong>nisi¹</strong></span> 
     </span>
     <span class='ocr_line' id='line_1_10' title="bbox 460 2380 2077 2502; baseline 0.004 -43"><span class='ocrx_word' id='word_1_76' title='bbox 460 2380 592 2460; x_wconf 90' lang='lat' dir='ltr'><strong>eadem</strong></span> <span class='ocrx_word' id='word_1_77' title='bbox 618 2383 768 2464; x_wconf 91' lang='lat' dir='ltr'><strong>cultura</strong></span> <span class='ocrx_word' id='word_1_78' title='bbox 795 2383 950 2482; x_wconf 90' lang='lat' dir='ltr'><strong>iisdem,</strong></span> <span class='ocrx_word' id='word_1_79' title='bbox 991 2409 1035 2464; x_wconf 93' lang='lat' dir='ltr'><strong>ae</strong></span> <span class='ocrx_word' id='word_1_80' title='bbox 1064 2385 1102 2463; x_wconf 93' lang='lat' dir='ltr'><strong>in</strong></span> <span class='ocrx_word' id='word_1_81' title='bbox 1129 2384 1234 2490; x_wconf 77' lang='lat' dir='ltr'><strong>sylva</strong></span> <span class='ocrx_word' id='word_1_82' title='bbox 1260 2381 1547 2465; x_wconf 87' lang='lat' dir='ltr'><strong>Bialowiezensi</strong></span> <span class='ocrx_word' id='word_1_83' title='bbox 1560 2443 1571 2481; x_wconf 98' lang='lat'><strong>,</strong></span> <span class='ocrx_word' id='word_1_84' title='bbox 1608 2389 1705 2490; x_wconf 86' lang='lat' dir='ltr'><strong>quae</strong></span> <span class='ocrx_word' id='word_1_85' title='bbox 1739 2384 1842 2466; x_wconf 90' lang='lat' dir='ltr'><strong>mille</strong></span> <span class='ocrx_word' id='word_1_86' title='bbox 1869 2386 2077 2502; x_wconf 85' lang='lat' dir='ltr'><strong>specimina</strong></span> 
     </span>
     <span class='ocr_line' id='line_1_11' title="bbox 461 2535 1165 2664; baseline 0.006 -48"><span class='ocrx_word' id='word_1_87' title='bbox 461 2535 625 2620; x_wconf 93' lang='lat' dir='ltr'><strong>Urorum</strong></span> <span class='ocrx_word' id='word_1_88' title='bbox 652 2539 766 2624; x_wconf 92' lang='lat' dir='ltr'><strong>hodie</strong></span> <span class='ocrx_word' id='word_1_89' title='bbox 794 2542 884 2640; x_wconf 91' lang='lat' dir='ltr'><strong>alit,</strong></span> <span class='ocrx_word' id='word_1_90' title='bbox 915 2541 1165 2664; x_wconf 83' lang='lat' dir='ltr'><strong>impendatur.</strong></span> 
     </span>
    </p>
   </div>
   <div class='ocr_carea' id='block_1_4' title="bbox 386 2715 2112 3631">
    <p class='ocr_par' dir='ltr' id='par_1_5' title="bbox 386 2715 2112 3631">
     <span class='ocr_line' id='line_1_12' title="bbox 419 2715 2075 2825; baseline 0.005 -32"><span class='ocrx_word' id='word_1_91' title='bbox 419 2777 428 2784; x_wconf 92' lang='lat'><em>.</em></span> <span class='ocrx_word' id='word_1_92' title='bbox 517 2715 597 2796; x_wconf 87' lang='lat' dir='ltr'><strong>Uro</strong></span> <span class='ocrx_word' id='word_1_93' title='bbox 623 2717 820 2823; x_wconf 89' lang='lat' dir='ltr'><strong>proprium</strong></span> <span class='ocrx_word' id='word_1_94' title='bbox 848 2730 908 2798; x_wconf 92' lang='lat' dir='ltr'><strong>est</strong></span> <span class='ocrx_word' id='word_1_95' title='bbox 935 2719 1142 2799; x_wconf 90' lang='lat' dir='ltr'><strong>ossiculum</strong></span> <span class='ocrx_word' id='word_1_96' title='bbox 1170 2718 1328 2817; x_wconf 91' lang='lat' dir='ltr'><strong>faciale,</strong></span> <span class='ocrx_word' id='word_1_97' title='bbox 1359 2717 1579 2816; x_wconf 84' lang='lat' dir='ltr'><strong>anemine,</strong></span> <span class='ocrx_word' id='word_1_98' title='bbox 1616 2743 1663 2798; x_wconf 89' lang='lat' dir='ltr'><strong>ne</strong></span> <span class='ocrx_word' id='word_1_99' title='bbox 1692 2718 1844 2825; x_wconf 90' lang='lat' dir='ltr'><strong>quidem</strong></span> <span class='ocrx_word' id='word_1_100' title='bbox 1870 2719 1920 2799; x_wconf 91' lang='lat' dir='ltr'><strong>ab</strong></span> <span class='ocrx_word' id='word_1_101' title='bbox 1947 2721 2075 2803; x_wconf 85' lang='lat' dir='ltr'><strong>ocula-</strong></span> 
     </span>
     <span class='ocr_line' id='line_1_13' title="bbox 461 2867 2077 3000; baseline 0.004 -48"><span class='ocrx_word' id='word_1_102' title='bbox 461 2875 609 2957; x_wconf 90' lang='lat' dir='ltr'><strong>tissimo</strong></span> <span class='ocrx_word' id='word_1_103' title='bbox 636 2875 786 2983; x_wconf 86' lang='lat' dir='ltr'><strong>Bojono</strong></span> <span class='ocrx_word' id='word_1_104' title='bbox 813 2879 1067 2984; x_wconf 89' lang='lat' dir='ltr'><strong>descriptum,</strong></span> <span class='ocrx_word' id='word_1_105' title='bbox 1097 2877 1298 2981; x_wconf 85' lang='lat' dir='ltr'><strong>juncturae</strong></span> <span class='ocrx_word' id='word_1_106' title='bbox 1326 2877 1424 2956; x_wconf 92' lang='lat' dir='ltr'><strong>ossis</strong></span> <span class='ocrx_word' id='word_1_107' title='bbox 1443 2875 1767 3000; x_wconf 85' lang='lat' dir='ltr'><strong>supramaxillaris</strong></span> <span class='ocrx_word' id='word_1_108' title='bbox 1786 2887 1828 2958; x_wconf 89' lang='lat' dir='ltr'><strong>et</strong></span> <span class='ocrx_word' id='word_1_109' title='bbox 1845 2867 2077 2959; x_wconf 87' lang='lat' dir='ltr'><strong>intermaxil-</strong></span> 
     </span>
     <span class='ocr_line' id='line_1_14' title="bbox 386 3031 2112 3148; baseline 0.005 -34"><span class='ocrx_word' id='word_1_110' title='bbox 386 3039 391 3053; x_wconf 86' lang='lat'>&#39;</span> <span class='ocrx_word' id='word_1_111' title='bbox 460 3037 573 3136; x_wconf 91' lang='lat' dir='ltr'><strong>laris,</strong></span> <span class='ocrx_word' id='word_1_112' title='bbox 604 3065 735 3120; x_wconf 83' lang='lat' dir='ltr'><strong>versus</strong></span> <span class='ocrx_word' id='word_1_113' title='bbox 765 3041 882 3120; x_wconf 92' lang='lat' dir='ltr'><strong>rostri</strong></span> <span class='ocrx_word' id='word_1_114' title='bbox 909 3041 1080 3148; x_wconf 89' lang='lat' dir='ltr'><strong>apicem,</strong></span> <span class='ocrx_word' id='word_1_115' title='bbox 1111 3040 1354 3138; x_wconf 86' lang='lat' dir='ltr'><strong>incumbens,</strong></span> <span class='ocrx_word' id='word_1_116' title='bbox 1385 3057 1594 3148; x_wconf 84' lang='lat' dir='ltr'><strong>versusque</strong></span> <span class='ocrx_word' id='word_1_117' title='bbox 1621 3041 1805 3122; x_wconf 85' lang='lat' dir='ltr'><strong>interiora</strong></span> <span class='ocrx_word' id='word_1_118' title='bbox 1831 3043 2072 3147; x_wconf 90' lang='lat' dir='ltr'><strong>prominens,</strong></span> <span class='ocrx_word' id='word_1_119' title='bbox 2109 3031 2112 3039; x_wconf 47' lang='lat'><strong>¹</strong></span> 
     </span>
     <span class='ocr_line' id='line_1_15' title="bbox 459 3157 2076 3308; baseline 0.008 -37"><span class='ocrx_word' id='word_1_120' title='bbox 459 3195 685 3301; x_wconf 90' lang='lat' dir='ltr'><strong>triquetrum</strong></span> <span class='ocrx_word' id='word_1_121' title='bbox 713 3197 817 3297; x_wconf 91' lang='lat' dir='ltr'><strong>fere,</strong></span> <span class='ocrx_word' id='word_1_122' title='bbox 856 3199 1077 3308; x_wconf 90' lang='lat' dir='ltr'><strong>inaequale,</strong></span> <span class='ocrx_word' id='word_1_123' title='bbox 1116 3199 1386 3307; x_wconf 88' lang='lat' dir='ltr'><strong>dimidiumque</strong></span> <span class='ocrx_word' id='word_1_124' title='bbox 1421 3201 1604 3305; x_wconf 85' lang='lat' dir='ltr'><strong>pollicem</strong></span> <span class='ocrx_word' id='word_1_125' title='bbox 1638 3210 1679 3282; x_wconf 92' lang='lat' dir='ltr'><strong>et</strong></span> <span class='ocrx_word' id='word_1_126' title='bbox 1706 3183 1815 3307; x_wconf 69' lang='lat' dir='ltr'><strong>¹quod</strong></span> <span class='ocrx_word' id='word_1_127' title='bbox 1841 3157 2011 3284; x_wconf 84' lang='lat' dir='ltr'><strong>excurrit</strong></span> <span class='ocrx_word' id='word_1_128' title='bbox 2038 3205 2076 3284; x_wconf 93' lang='lat' dir='ltr'><strong>in</strong></span> 
     </span>
     <span class='ocr_line' id='line_1_16' title="bbox 459 3317 2076 3476; baseline 0.007 -50"><span class='ocrx_word' id='word_1_129' title='bbox 459 3347 587 3428; x_wconf 90' lang='lat' dir='ltr'><strong>adulto</strong></span> <span class='ocrx_word' id='word_1_130' title='bbox 614 3351 819 3450; x_wconf 84' lang='lat' dir='ltr'><strong>aecedens3</strong></span> <span class='ocrx_word' id='word_1_131' title='bbox 857 3377 931 3458; x_wconf 92' lang='lat' dir='ltr'><strong>qua</strong></span> <span class='ocrx_word' id='word_1_132' title='bbox 957 3363 1068 3457; x_wconf 89' lang='lat' dir='ltr'><strong>parta</strong></span> <span class='ocrx_word' id='word_1_133' title='bbox 1096 3352 1197 3476; x_wconf 87' lang='lat' dir='ltr'><strong>enim</strong></span> <span class='ocrx_word' id='word_1_134' title='bbox 1222 3353 1535 3459; x_wconf 88' lang='lat' dir='ltr'><strong>supramaxillare</strong></span> <span class='ocrx_word' id='word_1_135' title='bbox 1563 3379 1607 3434; x_wconf 91' lang='lat' dir='ltr'><strong>os</strong></span> <span class='ocrx_word' id='word_1_136' title='bbox 1629 3354 1831 3462; x_wconf 88' lang='lat' dir='ltr'><strong>utrinque,</strong></span> <span class='ocrx_word' id='word_1_137' title='bbox 1868 3317 2076 3440; x_wconf 83' lang='lat' dir='ltr'><strong>extremam</strong></span> 
     </span>
     <span class='ocr_line' id='line_1_17' title="bbox 457 3516 2074 3631; baseline 0.002 -33"><span class='ocrx_word' id='word_1_138' title='bbox 457 3544 590 3600; x_wconf 86' lang='lat' dir='ltr'><strong>versus</strong></span> <span class='ocrx_word' id='word_1_139' title='bbox 609 3529 759 3626; x_wconf 88' lang='lat' dir='ltr'><strong>partem</strong></span> <span class='ocrx_word' id='word_1_140' title='bbox 775 3520 1027 3618; x_wconf 89' lang='lat' dir='ltr'><strong>anteriorem,</strong></span> <span class='ocrx_word' id='word_1_141' title='bbox 1049 3518 1344 3600; x_wconf 89' lang='lat' dir='ltr'><strong>intermaxillare</strong></span> <span class='ocrx_word' id='word_1_142' title='bbox 1362 3519 1527 3624; x_wconf 84' lang='lat' dir='ltr'><strong>exeipit,</strong></span> <span class='ocrx_word' id='word_1_143' title='bbox 1549 3519 1642 3600; x_wconf 93' lang='lat' dir='ltr'><strong>illud</strong></span> <span class='ocrx_word' id='word_1_144' title='bbox 1659 3516 1768 3628; x_wconf 76' lang='lat' dir='ltr'><strong>(Fa&#39;q.</strong></span> <span class='ocrx_word' id='word_1_145' title='bbox 1779 3519 1839 3599; x_wconf 91' lang='grc' dir='ltr'><strong>ΙΙ.</strong></span> <span class='ocrx_word' id='word_1_146' title='bbox 1857 3521 1951 3600; x_wconf 77' lang='lat' dir='ltr'><strong>rat.</strong></span> <span class='ocrx_word' id='word_1_147' title='bbox 1962 3523 1998 3604; x_wconf 93' lang='lat'><strong>1.</strong></span> <span class='ocrx_word' id='word_1_148' title='bbox 2013 3526 2074 3631; x_wconf 90' lang='lat' dir='ltr'><strong>a.)</strong></span> 
     </span>
    </p>
   </div>
   <div class='ocr_carea' id='block_1_5' title="bbox 457 3651 2203 4581">
    <p class='ocr_par' dir='ltr' id='par_1_6' title="bbox 457 3651 2146 4262">
     <span class='ocr_line' id='line_1_18' title="bbox 458 3651 2076 3791; baseline -0.001 -25"><span class='ocrx_word' id='word_1_149' title='bbox 458 3687 506 3766; x_wconf 92' lang='lat' dir='ltr'><strong>ad</strong></span> <span class='ocrx_word' id='word_1_150' title='bbox 524 3651 745 3768; x_wconf 82' lang='lat' dir='ltr'><strong>interiorem</strong></span> <span class='ocrx_word' id='word_1_151' title='bbox 762 3687 881 3791; x_wconf 90' lang='lat' dir='ltr'><strong>apicis</strong></span> <span class='ocrx_word' id='word_1_152' title='bbox 901 3685 1036 3768; x_wconf 91' lang='lat' dir='ltr'><strong>faciem</strong></span> <span class='ocrx_word' id='word_1_153' title='bbox 1053 3685 1337 3768; x_wconf 83' lang='lat' dir='ltr'><strong>execrationem</strong></span> <span class='ocrx_word' id='word_1_154' title='bbox 1356 3683 1476 3790; x_wconf 90' lang='lat' dir='ltr'><strong>gerit,</strong></span> <span class='ocrx_word' id='word_1_155' title='bbox 1507 3683 1662 3789; x_wconf 88' lang='lat' dir='ltr'><strong>ossique</strong></span> <span class='ocrx_word' id='word_1_156' title='bbox 1691 3683 1998 3783; x_wconf 90' lang='lat' dir='ltr'><strong>intermaxillari,</strong></span> <span class='ocrx_word' id='word_1_157' title='bbox 2028 3687 2076 3769; x_wconf 92' lang='lat' dir='ltr'><strong>ad</strong></span> 
     </span>
     <span class='ocr_line' id='line_1_19' title="bbox 458 3811 2071 3956; baseline 0.002 -33"><span class='ocrx_word' id='word_1_158' title='bbox 458 3823 615 3923; x_wconf 83' lang='lat' dir='ltr'><strong>eandem</strong></span> <span class='ocrx_word' id='word_1_159' title='bbox 631 3843 765 3924; x_wconf 89' lang='lat' dir='ltr'><strong>faeiem</strong></span> <span class='ocrx_word' id='word_1_160' title='bbox 782 3844 1003 3956; x_wconf 88' lang='lat' dir='ltr'><strong>interiorem</strong></span> <span class='ocrx_word' id='word_1_161' title='bbox 1017 3811 1214 3942; x_wconf 86' lang='lat' dir='ltr'><strong>excavato,</strong></span> <span class='ocrx_word' id='word_1_162' title='bbox 1228 3843 1339 3949; x_wconf 79' lang='lat' dir='ltr'><strong>(ibid.</strong></span> <span class='ocrx_word' id='word_1_163' title='bbox 1351 3845 1386 3922; x_wconf 87' lang='lat' dir='ltr'><strong>b.</strong></span> <span class='ocrx_word' id='word_1_164' title='bbox 1386 3843 1410 3948; x_wconf 82' lang='lat'><em>)</em></span> <span class='ocrx_word' id='word_1_165' title='bbox 1418 3844 1631 3924; x_wconf 86' lang='lat' dir='ltr'><strong>adnectitur</strong></span> <span class='ocrx_word' id='word_1_166' title='bbox 1643 3842 1862 3952; x_wconf 88' lang='lat' dir='ltr'><strong>firmiusque</strong></span> <span class='ocrx_word' id='word_1_167' title='bbox 1875 3847 2071 3948; x_wconf 89' lang='lat' dir='ltr'><strong>adhaeret,</strong></span> 
     </span>
     <span class='ocr_line' id='line_1_20' title="bbox 458 3987 2075 4118; baseline 0.005 -45"><span class='ocrx_word' id='word_1_168' title='bbox 458 4004 692 4100; x_wconf 85' lang='lat' dir='ltr'><strong>quapropter</strong></span> <span class='ocrx_word' id='word_1_169' title='bbox 724 4019 794 4076; x_wconf 91' lang='lat' dir='ltr'><strong>nee</strong></span> <span class='ocrx_word' id='word_1_170' title='bbox 822 3993 978 4092; x_wconf 90' lang='lat' dir='ltr'><strong>huicee,</strong></span> <span class='ocrx_word' id='word_1_171' title='bbox 1017 4021 1141 4104; x_wconf 89' lang='lat' dir='ltr'><strong>neque</strong></span> <span class='ocrx_word' id='word_1_172' title='bbox 1177 3995 1234 4076; x_wconf 95' lang='lat' dir='ltr'><strong>illi</strong></span> <span class='ocrx_word' id='word_1_173' title='bbox 1270 3995 1478 4076; x_wconf 90' lang='lat' dir='ltr'><strong>ossiculum</strong></span> <span class='ocrx_word' id='word_1_174' title='bbox 1515 3995 1777 4118; x_wconf 89' lang='lat' dir='ltr'><strong>intermedium</strong></span> <span class='ocrx_word' id='word_1_175' title='bbox 1813 3997 1935 4096; x_wconf 90' lang='lat' dir='ltr'><strong>istud,</strong></span> <span class='ocrx_word' id='word_1_176' title='bbox 1975 3987 2075 4107; x_wconf 90' lang='lat' dir='ltr'><strong>quod</strong></span> 
     </span>
     <span class='ocr_line' id='line_1_21' title="bbox 457 4137 2146 4262; baseline 0.002 -27"><span class='ocrx_word' id='word_1_177' title='bbox 457 4153 525 4236; x_wconf 89' lang='lat' dir='ltr'><strong>Uri</strong></span> <span class='ocrx_word' id='word_1_178' title='bbox 553 4139 732 4261; x_wconf 66' lang='lat' dir='ltr'><strong>nuquam</strong></span> <span class='ocrx_word' id='word_1_179' title='bbox 757 4153 1121 4262; x_wconf 80' lang='lat' dir='ltr'><strong>sapemumererr‘um</strong></span> <span class='ocrx_word' id='word_1_180' title='bbox 1147 4153 1223 4236; x_wconf 93' lang='lat' dir='ltr'><strong>diei</strong></span> <span class='ocrx_word' id='word_1_181' title='bbox 1240 4164 1392 4262; x_wconf 90' lang='lat' dir='ltr'><strong>potest,</strong></span> <span class='ocrx_word' id='word_1_182' title='bbox 1423 4151 1713 4255; x_wconf 86' lang='lat' dir='ltr'><strong>adjudicandum</strong></span> <span class='ocrx_word' id='word_1_183' title='bbox 1729 4165 1813 4253; x_wconf 74' lang='lat' dir='ltr'><strong>est,</strong></span> <span class='ocrx_word' id='word_1_184' title='bbox 1843 4167 1883 4235; x_wconf 88' lang='lat' dir='ltr'><strong>at</strong></span> <span class='ocrx_word' id='word_1_185' title='bbox 1901 4159 2074 4262; x_wconf 88' lang='lat' dir='ltr'><strong>proxime</strong></span> <span class='ocrx_word' id='word_1_186' title='bbox 2139 4137 2146 4146; x_wconf 45' lang='lat'>⁸</span> 
     </span>
    </p>

    <p class='ocr_par' dir='ltr' id='par_1_7' title="bbox 457 4281 2203 4581">
     <span class='ocr_line' id='line_1_22' title="bbox 457 4281 2203 4422; baseline 0.004 -25"><span class='ocrx_word' id='word_1_187' title='bbox 457 4317 725 4400; x_wconf 88' lang='lat' dir='ltr'><strong>conferendum</strong></span> <span class='ocrx_word' id='word_1_188' title='bbox 760 4345 846 4399; x_wconf 87' lang='lat' dir='ltr'><strong>curn</strong></span> <span class='ocrx_word' id='word_1_189' title='bbox 871 4281 1120 4400; x_wconf 79' lang='lat' dir='ltr'><strong>Wormiano.</strong></span> <span class='ocrx_word' id='word_1_190' title='bbox 1133 4315 1261 4422; x_wconf 92' lang='lat' dir='ltr'><strong>aliquo</strong></span> <span class='ocrx_word' id='word_1_191' title='bbox 1298 4315 1489 4414; x_wconf 88' lang='lat' dir='ltr'><strong>ossiculo;</strong></span> <span class='ocrx_word' id='word_1_192' title='bbox 1528 4340 1551 4395; x_wconf 93' lang='lat' dir='ltr'><strong>a</strong></span> <span class='ocrx_word' id='word_1_193' title='bbox 1585 4339 1660 4422; x_wconf 95' lang='lat' dir='ltr'><strong>quo</strong></span> <span class='ocrx_word' id='word_1_194' title='bbox 1696 4327 1826 4422; x_wconf 82' lang='lat' dir='ltr'><strong>tamen¹</strong></span> <span class='ocrx_word' id='word_1_195' title='bbox 1848 4317 1973 4398; x_wconf 86' lang='lat' dir='ltr'><strong>differt</strong></span> <span class='ocrx_word' id='word_1_196' title='bbox 1999 4345 2071 4417; x_wconf 92' lang='lat' dir='ltr'><strong>eo,</strong></span> <span class='ocrx_word' id='word_1_197' title='bbox 2195 4389 2203 4404; x_wconf 93' lang='lat'><strong>.</strong></span> 
     </span>
     <span class='ocr_line' id='line_1_23' title="bbox 458 4471 2074 4581; baseline 0 -27"><span class='ocrx_word' id='word_1_198' title='bbox 458 4476 558 4581; x_wconf 93' lang='lat' dir='ltr'><strong>quod</strong></span> <span class='ocrx_word' id='word_1_199' title='bbox 584 4498 661 4555; x_wconf 94' lang='lat' dir='ltr'><strong>non</strong></span> <span class='ocrx_word' id='word_1_200' title='bbox 688 4473 891 4556; x_wconf 86' lang='lat' dir='ltr'><strong>offenditur</strong></span> <span class='ocrx_word' id='word_1_201' title='bbox 918 4475 957 4554; x_wconf 94' lang='lat' dir='ltr'><strong>in</strong></span> <span class='ocrx_word' id='word_1_202' title='bbox 984 4473 1127 4554; x_wconf 89' lang='lat' dir='ltr'><strong>ossium</strong></span> <span class='ocrx_word' id='word_1_203' title='bbox 1154 4471 1341 4552; x_wconf 86' lang='lat' dir='ltr'><strong>calvariae</strong></span> <span class='ocrx_word' id='word_1_204' title='bbox 1368 4471 1468 4552; x_wconf 90' lang='lat' dir='ltr'><strong>serie</strong></span> <span class='ocrx_word' id='word_1_205' title='bbox 1496 4471 1595 4550; x_wconf 89' lang='lat' dir='ltr'><strong>inter</strong></span> <span class='ocrx_word' id='word_1_206' title='bbox 1620 4471 1710 4552; x_wconf 90' lang='lat' dir='ltr'><strong>bina</strong></span> <span class='ocrx_word' id='word_1_207' title='bbox 1736 4471 1834 4568; x_wconf 92' lang='lat' dir='ltr'><strong>alia,</strong></span> <span class='ocrx_word' id='word_1_208' title='bbox 1872 4473 2074 4555; x_wconf 86' lang='lat' dir='ltr'><strong>cavitatem</strong></span> 
     </span>
    </p>
   </div>
   <div class='ocr_carea' id='block_1_6' title="bbox 408 4865 2118 5222">
    <p class='ocr_par' dir='ltr' id='par_1_8' title="bbox 408 4865 2118 5222">
     <span class='ocr_line' id='line_1_24' title="bbox 471 4865 2071 4998; baseline 0.003 -42"><span class='ocrx_word' id='word_1_209' title='bbox 471 4969 474 4976; x_wconf 68' lang='lat'><strong>,</strong></span> <span class='ocrx_word' id='word_1_210' title='bbox 500 4887 543 4982; x_wconf 81' lang='lat'><strong>(&#39;)</strong></span> <span class='ocrx_word' id='word_1_211' title='bbox 570 4886 690 4958; x_wconf 84' lang='lat' dir='ltr'><strong>Slavica</strong></span> <span class='ocrx_word' id='word_1_212' title='bbox 715 4893 922 4958; x_wconf 85' lang='lat' dir='ltr'><strong>denominatio</strong></span> <span class='ocrx_word' id='word_1_213' title='bbox 951 4890 1027 4956; x_wconf 89' lang='lat' dir='ltr'><strong>Turi</strong></span> <span class='ocrx_word' id='word_1_214' title='bbox 1053 4865 1229 4956; x_wconf 87' lang='lat' dir='ltr'><strong>adhucdum</strong></span> <span class='ocrx_word' id='word_1_215' title='bbox 1251 4877 1374 4956; x_wconf 84' lang='lat' dir='ltr'><strong>residua</strong></span> <span class='ocrx_word' id='word_1_216' title='bbox 1400 4900 1445 4955; x_wconf 82' lang='lat' dir='ltr'><strong>est</strong></span> <span class='ocrx_word' id='word_1_217' title='bbox 1470 4891 1503 4954; x_wconf 93' lang='lat' dir='ltr'><strong>in</strong></span> <span class='ocrx_word' id='word_1_218' title='bbox 1532 4889 1815 4998; x_wconf 25' lang='lat' dir='ltr'><strong>erainieopnomiue</strong></span> <span class='ocrx_word' id='word_1_219' title='bbox 1834 4895 1925 4958; x_wconf 84' lang='lat' dir='ltr'><strong>locali</strong></span> <span class='ocrx_word' id='word_1_220' title='bbox 1942 4894 2071 4983; x_wconf 81' lang='lat' dir='ltr'><strong>Turjalr,</strong></span> 
     </span>
     <span class='ocr_line' id='line_1_25' title="bbox 456 5004 2118 5100; baseline 0.001 -26"><span class='ocrx_word' id='word_1_221' title='bbox 456 5005 566 5100; x_wconf 87' lang='lat' dir='ltr'><strong>(germ.</strong></span> <span class='ocrx_word' id='word_1_222' title='bbox 593 5007 783 5100; x_wconf 80' lang='lat' dir='ltr'><strong>Auersperg)</strong></span> <span class='ocrx_word' id='word_1_223' title='bbox 805 5012 886 5076; x_wconf 89' lang='lat' dir='ltr'><strong>arcis</strong></span> <span class='ocrx_word' id='word_1_224' title='bbox 907 5010 993 5074; x_wconf 85' lang='lat' dir='ltr'><strong>illius</strong></span> <span class='ocrx_word' id='word_1_225' title='bbox 1015 5009 1206 5094; x_wconf 89' lang='lat' dir='ltr'><strong>primitivae,</strong></span> <span class='ocrx_word' id='word_1_226' title='bbox 1231 5029 1326 5090; x_wconf 85' lang='lat' dir='ltr'><strong>aqua</strong></span> <span class='ocrx_word' id='word_1_227' title='bbox 1341 5009 1467 5092; x_wconf 89' lang='lat' dir='ltr'><strong>stirpem</strong></span> <span class='ocrx_word' id='word_1_228' title='bbox 1483 5011 1635 5072; x_wconf 89' lang='lat' dir='ltr'><strong>duxerunt</strong></span> <span class='ocrx_word' id='word_1_229' title='bbox 1650 5004 1857 5092; x_wconf 77' lang='lat' dir='ltr'><strong>Auerspergi,</strong></span> <span class='ocrx_word' id='word_1_230' title='bbox 1883 5013 2074 5076; x_wconf 87' lang='lat' dir='ltr'><strong>celeberrimi</strong></span> <span class='ocrx_word' id='word_1_231' title='bbox 2115 5033 2118 5040; x_wconf 91' lang='grc'><strong><em>·</em></strong></span> 
     </span>
     <span class='ocr_line' id='line_1_26' title="bbox 408 5117 2098 5222; baseline 0 -34"><span class='ocrx_word' id='word_1_232' title='bbox 408 5189 413 5200; x_wconf 77' lang='grc'><strong>,</strong></span> <span class='ocrx_word' id='word_1_233' title='bbox 456 5127 610 5204; x_wconf 87' lang='lat' dir='ltr'><strong>quondam</strong></span> <span class='ocrx_word' id='word_1_234' title='bbox 633 5124 667 5188; x_wconf 91' lang='lat' dir='ltr'><strong>in</strong></span> <span class='ocrx_word' id='word_1_235' title='bbox 688 5125 771 5188; x_wconf 87' lang='lat' dir='ltr'><strong>ballo</strong></span> <span class='ocrx_word' id='word_1_236' title='bbox 792 5147 863 5188; x_wconf 90' lang='lat' dir='ltr'><strong>cum</strong></span> <span class='ocrx_word' id='word_1_237' title='bbox 887 5121 999 5188; x_wconf 78' lang='lat' dir='ltr'><strong>&#39;l&#39;ureis</strong></span> <span class='ocrx_word' id='word_1_238' title='bbox 1020 5132 1104 5206; x_wconf 86' lang='lat' dir='ltr'><strong>gesto</strong></span> <span class='ocrx_word' id='word_1_239' title='bbox 1126 5125 1246 5188; x_wconf 87' lang='lat' dir='ltr'><strong>heroes.</strong></span> <span class='ocrx_word' id='word_1_240' title='bbox 1272 5117 1363 5185; x_wconf 88' lang='lat' dir='ltr'><strong>Nono</strong></span> <span class='ocrx_word' id='word_1_241' title='bbox 1385 5141 1459 5186; x_wconf 86' lang='lat' dir='ltr'><strong>aevo</strong></span> <span class='ocrx_word' id='word_1_242' title='bbox 1481 5119 1624 5206; x_wconf 80' lang='grc' dir='ltr'><strong><em>ζομβρος</em></strong></span> <span class='ocrx_word' id='word_1_243' title='bbox 1645 5117 1785 5210; x_wconf 82' lang='lat' dir='ltr'><strong>(nombr,</strong></span> <span class='ocrx_word' id='word_1_244' title='bbox 1809 5119 1901 5213; x_wconf 83' lang='lat' dir='ltr'><strong>subr)</strong></span> <span class='ocrx_word' id='word_1_245' title='bbox 1916 5119 2072 5189; x_wconf 84' lang='lat' dir='ltr'><strong>Constan-</strong></span> <span class='ocrx_word' id='word_1_246' title='bbox 2094 5215 2098 5222; x_wconf 12' lang='grc' dir='ltr'><strong>ἡ</strong></span> 
     </span>
    </p>
   </div>
   <div class='ocr_carea' id='block_1_7' title="bbox 196 5229 2072 5320">
    <p class='ocr_par' dir='ltr' id='par_1_9' title="bbox 196 5229 2072 5320">
     <span class='ocr_line' id='line_1_27' title="bbox 196 5229 2072 5320; baseline 0.002 -26"><span class='ocrx_word' id='word_1_247' title='bbox 196 5235 203 5254; x_wconf 79' lang='grc'><strong>“</strong></span> <span class='ocrx_word' id='word_1_248' title='bbox 340 5287 342 5292; x_wconf 89' lang='grc'>.</span> <span class='ocrx_word' id='word_1_249' title='bbox 456 5230 608 5316; x_wconf 89' lang='lat' dir='ltr'><strong>tinopolin</strong></span> <span class='ocrx_word' id='word_1_250' title='bbox 634 5233 753 5296; x_wconf 84' lang='lat' dir='ltr'><strong>delatus</strong></span> <span class='ocrx_word' id='word_1_251' title='bbox 779 5244 825 5300; x_wconf 86' lang='lat' dir='ltr'><strong>est</strong></span> <span class='ocrx_word' id='word_1_252' title='bbox 850 5255 881 5296; x_wconf 86' lang='lat' dir='ltr'><strong>v.</strong></span> <span class='ocrx_word' id='word_1_253' title='bbox 907 5230 1053 5316; x_wconf 84' lang='lat' dir='ltr'><strong>Glagolit.</strong></span> <span class='ocrx_word' id='word_1_254' title='bbox 1078 5235 1138 5298; x_wconf 91' lang='lat' dir='ltr'><strong>eel.</strong></span> <span class='ocrx_word' id='word_1_255' title='bbox 1162 5229 1320 5320; x_wconf 84' lang='lat' dir='ltr'><strong>Kopitari</strong></span> <span class='ocrx_word' id='word_1_256' title='bbox 1341 5230 1374 5294; x_wconf 91' lang='lat' dir='ltr'><strong>in</strong></span> <span class='ocrx_word' id='word_1_257' title='bbox 1395 5231 1496 5296; x_wconf 82' lang='lat' dir='ltr'><strong>lexico</strong></span> <span class='ocrx_word' id='word_1_258' title='bbox 1518 5240 1548 5296; x_wconf 87' lang='lat' dir='ltr'><strong>et</strong></span> <span class='ocrx_word' id='word_1_259' title='bbox 1571 5241 1726 5316; x_wconf 88' lang='lat' dir='ltr'><strong>praeterea</strong></span> <span class='ocrx_word' id='word_1_260' title='bbox 1748 5253 1801 5318; x_wconf 90' lang='lat' dir='ltr'><strong>op.</strong></span> <span class='ocrx_word' id='word_1_261' title='bbox 1826 5255 1843 5298; x_wconf 88' lang='lat' dir='ltr'><strong>a</strong></span> <span class='ocrx_word' id='word_1_262' title='bbox 1865 5255 1914 5298; x_wconf 90' lang='lat' dir='ltr'><strong>me</strong></span> <span class='ocrx_word' id='word_1_263' title='bbox 1936 5235 2072 5300; x_wconf 87' lang='lat' dir='ltr'><strong>aditum:</strong></span> 
     </span>
    </p>
   </div>
   <div class='ocr_carea' id='block_1_8' title="bbox 456 5333 2074 5434">
    <p class='ocr_par' dir='ltr' id='par_1_10' title="bbox 456 5333 2074 5434">
     <span class='ocr_line' id='line_1_28' title="bbox 456 5333 2074 5434; baseline 0.004 -30"><span class='ocrx_word' id='word_1_264' title='bbox 456 5339 540 5406; x_wconf 79' lang='lat' dir='ltr'><strong>Atre</strong></span> <span class='ocrx_word' id='word_1_265' title='bbox 567 5339 776 5434; x_wconf 78' lang='lat' dir='ltr'><strong>Geogmphis</strong></span> <span class='ocrx_word' id='word_1_266' title='bbox 797 5340 856 5408; x_wconf 84' lang='lat' dir='ltr'><strong>des</strong></span> <span class='ocrx_word' id='word_1_267' title='bbox 877 5341 1074 5425; x_wconf 70' lang='lat' dir='ltr'><strong>Kaukasos,</strong></span> <span class='ocrx_word' id='word_1_268' title='bbox 1105 5341 1208 5408; x_wconf 89' lang='lat' dir='ltr'><strong>Berlin</strong></span> <span class='ocrx_word' id='word_1_269' title='bbox 1234 5339 1339 5424; x_wconf 88' lang='grc'><strong>1838,</strong></span> <span class='ocrx_word' id='word_1_270' title='bbox 1372 5364 1443 5428; x_wconf 88' lang='lat' dir='ltr'><strong>pag.</strong></span> <span class='ocrx_word' id='word_1_271' title='bbox 1467 5333 1552 5424; x_wconf 84' lang='lat'><strong>381,</strong></span> <span class='ocrx_word' id='word_1_272' title='bbox 1586 5343 1639 5408; x_wconf 88' lang='lat' dir='ltr'><strong>uhi</strong></span> <span class='ocrx_word' id='word_1_273' title='bbox 1667 5353 1767 5408; x_wconf 87' lang='lat' dir='ltr'><strong>tamen</strong></span> <span class='ocrx_word' id='word_1_274' title='bbox 1790 5337 2074 5434; x_wconf 82' lang='lat' dir='ltr'><strong>Tauro-Scythiam</strong></span> 
     </span>
    </p>
   </div>
   <div class='ocr_carea' id='block_1_9' title="bbox 455 5450 1546 5539">
    <p class='ocr_par' dir='ltr' id='par_1_11' title="bbox 455 5450 1546 5539">
     <span class='ocr_line' id='line_1_29' title="bbox 455 5450 1546 5539; baseline 0.001 -23"><span class='ocrx_word' id='word_1_275' title='bbox 455 5469 557 5516; x_wconf 86' lang='lat' dir='ltr'><strong>sumas</strong></span> <span class='ocrx_word' id='word_1_276' title='bbox 574 5475 637 5538; x_wconf 63' lang='lat' dir='ltr'><strong>vpro</strong></span> <span class='ocrx_word' id='word_1_277' title='bbox 659 5453 807 5518; x_wconf 89' lang='lat' dir='ltr'><strong>hodierna</strong></span> <span class='ocrx_word' id='word_1_278' title='bbox 829 5450 1003 5536; x_wconf 86' lang='lat' dir='ltr'><strong>Moldavia,</strong></span> <span class='ocrx_word' id='word_1_279' title='bbox 1028 5475 1086 5519; x_wconf 89' lang='lat' dir='ltr'><strong>nac</strong></span> <span class='ocrx_word' id='word_1_280' title='bbox 1109 5477 1165 5539; x_wconf 88' lang='lat' dir='ltr'><strong>pro</strong></span> <span class='ocrx_word' id='word_1_281' title='bbox 1187 5452 1320 5520; x_wconf 85' lang='lat' dir='ltr'><strong>Taurica</strong></span> <span class='ocrx_word' id='word_1_282' title='bbox 1343 5451 1546 5520; x_wconf 87' lang='lat' dir='ltr'><strong>Chersoneso.</strong></span> 
     </span>
    </p>
   </div>
   <div class='ocr_carea' id='block_1_10' title="bbox 454 5595 2069 5800">
    <p class='ocr_par' dir='ltr' id='par_1_12' title="bbox 454 5595 2069 5800">
     <span class='ocr_line' id='line_1_30' title="bbox 496 5595 2069 5691; baseline 0.003 -29"><span class='ocrx_word' id='word_1_283' title='bbox 496 5595 555 5690; x_wconf 62' lang='lat'><strong>(¹)</strong></span> <span class='ocrx_word' id='word_1_284' title='bbox 576 5595 645 5662; x_wconf 85' lang='lat' dir='ltr'><strong>Jarn</strong></span> <span class='ocrx_word' id='word_1_285' title='bbox 660 5603 720 5664; x_wconf 88' lang='lat' dir='ltr'><strong>eal.</strong></span> <span class='ocrx_word' id='word_1_286' title='bbox 752 5604 905 5683; x_wconf 91' lang='lat' dir='ltr'><strong>quondam</strong></span> <span class='ocrx_word' id='word_1_287' title='bbox 921 5600 997 5666; x_wconf 88' lang='lat' dir='ltr'><strong>hist.</strong></span> <span class='ocrx_word' id='word_1_288' title='bbox 1014 5611 1079 5664; x_wconf 85' lang='lat' dir='ltr'><strong>nat.</strong></span> <span class='ocrx_word' id='word_1_289' title='bbox 1111 5597 1270 5665; x_wconf 79' lang='lat' dir='ltr'><strong>Professor</strong></span> <span class='ocrx_word' id='word_1_290' title='bbox 1284 5597 1442 5666; x_wconf 87' lang='lat' dir='ltr'><strong>Vilnensis</strong></span> <span class='ocrx_word' id='word_1_291' title='bbox 1459 5597 1644 5666; x_wconf 79' lang='lat' dir='ltr'><strong>Academiae</strong></span> <span class='ocrx_word' id='word_1_292' title='bbox 1664 5595 1704 5662; x_wconf 82' lang='lat' dir='ltr'><strong>J.</strong></span> <span class='ocrx_word' id='word_1_293' title='bbox 1724 5595 1769 5664; x_wconf 85' lang='lat' dir='ltr'><strong>G.</strong></span> <span class='ocrx_word' id='word_1_294' title='bbox 1786 5597 1926 5664; x_wconf 81' lang='lat' dir='ltr'><strong>Forster</strong></span> <span class='ocrx_word' id='word_1_295' title='bbox 1945 5597 1994 5691; x_wconf 87' lang='lat' dir='ltr'><strong>(in</strong></span> <span class='ocrx_word' id='word_1_296' title='bbox 2016 5625 2069 5686; x_wconf 87' lang='lat' dir='ltr'><strong>op.</strong></span> 
     </span>
     <span class='ocr_line' id='line_1_31' title="bbox 454 5711 2069 5800; baseline 0.004 -22"><span class='ocrx_word' id='word_1_297' title='bbox 454 5717 617 5798; x_wconf 86' lang='lat' dir='ltr'><strong>posthumo</strong></span> <span class='ocrx_word' id='word_1_298' title='bbox 647 5713 887 5798; x_wconf 73' lang='lat' dir='ltr'><strong>Briqswachsel</strong></span> <span class='ocrx_word' id='word_1_299' title='bbox 915 5719 976 5782; x_wconf 87' lang='lat' dir='ltr'><strong>mit</strong></span> <span class='ocrx_word' id='word_1_300' title='bbox 1005 5717 1119 5780; x_wconf 83' lang='lat' dir='ltr'><strong>seinen</strong></span> <span class='ocrx_word' id='word_1_301' title='bbox 1148 5714 1185 5780; x_wconf 86' lang='lat' dir='ltr'><em>F</em></span> <span class='ocrx_word' id='word_1_302' title='bbox 1184 5712 1348 5797; x_wconf 75' lang='lat' dir='ltr'><strong>munden,</strong></span> <span class='ocrx_word' id='word_1_303' title='bbox 1380 5712 1526 5800; x_wconf 83' lang='lat' dir='ltr'><strong>Leipzig,</strong></span> <span class='ocrx_word' id='word_1_304' title='bbox 1556 5713 1756 5796; x_wconf 83' lang='lat' dir='ltr'><strong>Broelrharis,</strong></span> <span class='ocrx_word' id='word_1_305' title='bbox 1793 5711 1900 5797; x_wconf 80' lang='lat'><strong>1829,</strong></span> <span class='ocrx_word' id='word_1_306' title='bbox 1932 5713 2017 5782; x_wconf 89' lang='lat' dir='ltr'><strong>Band</strong></span> <span class='ocrx_word' id='word_1_307' title='bbox 2040 5715 2069 5784; x_wconf 91' lang='grc' dir='ltr'><strong>Ι.</strong></span> 
     </span>
    </p>
   </div>
   <div class='ocr_carea' id='block_1_11' title="bbox 453 5826 2072 6033">
    <p class='ocr_par' dir='ltr' id='par_1_13' title="bbox 453 5826 2072 6033">
     <span class='ocr_line' id='line_1_32' title="bbox 454 5826 2072 5924; baseline 0.004 -32"><span class='ocrx_word' id='word_1_308' title='bbox 454 5851 524 5914; x_wconf 85' lang='lat' dir='ltr'><strong>pag.</strong></span> <span class='ocrx_word' id='word_1_309' title='bbox 548 5826 631 5920; x_wconf 85' lang='lat'>603)</span> <span class='ocrx_word' id='word_1_310' title='bbox 653 5829 756 5895; x_wconf 73' lang='lat' dir='ltr'><strong>Uram</strong></span> <span class='ocrx_word' id='word_1_311' title='bbox 778 5829 961 5898; x_wconf 79' lang='lat' dir='ltr'><strong>lithrtunum</strong></span> <span class='ocrx_word' id='word_1_312' title='bbox 983 5829 1084 5924; x_wconf 83' lang='lat' dir='ltr'><strong>(zubr</strong></span> <span class='ocrx_word' id='word_1_313' title='bbox 1102 5827 1303 5920; x_wconf 83' lang='lat' dir='ltr'><strong>Polcuorum)</strong></span> <span class='ocrx_word' id='word_1_314' title='bbox 1326 5853 1388 5897; x_wconf 87' lang='lat' dir='ltr'><strong>non</strong></span> <span class='ocrx_word' id='word_1_315' title='bbox 1410 5855 1477 5898; x_wconf 89' lang='lat' dir='ltr'><strong>assa</strong></span> <span class='ocrx_word' id='word_1_316' title='bbox 1497 5843 1635 5897; x_wconf 84' lang='lat' dir='ltr'><strong>ratarum</strong></span> <span class='ocrx_word' id='word_1_317' title='bbox 1658 5829 1881 5897; x_wconf 85' lang='lat' dir='ltr'><strong>Germanorum</strong></span> <span class='ocrx_word' id='word_1_318' title='bbox 1894 5831 2072 5898; x_wconf 79' lang='lat' dir='ltr'><strong>&#39;Bisontam</strong></span> 
     </span>
     <span class='ocr_line' id='line_1_33' title="bbox 453 5938 2071 6033; baseline 0.004 -29"><span class='ocrx_word' id='word_1_319' title='bbox 453 5940 543 6031; x_wconf 81' lang='lat' dir='ltr'><strong>(Tur</strong></span> <span class='ocrx_word' id='word_1_320' title='bbox 561 5938 763 6033; x_wconf 87' lang='lat' dir='ltr'><strong>Polonorum)</strong></span> <span class='ocrx_word' id='word_1_321' title='bbox 782 5947 868 6018; x_wconf 41' lang='lat' dir='ltr'><strong>,bena</strong></span> <span class='ocrx_word' id='word_1_322' title='bbox 897 5945 1076 6030; x_wconf 86' lang='lat' dir='ltr'><strong>perhibuit,</strong></span> <span class='ocrx_word' id='word_1_323' title='bbox 1109 5949 1192 6028; x_wconf 88' lang='lat' dir='ltr'><strong>quod</strong></span> <span class='ocrx_word' id='word_1_324' title='bbox 1222 5945 1348 6027; x_wconf 86' lang='lat' dir='ltr'><strong>quidem</strong></span> <span class='ocrx_word' id='word_1_325' title='bbox 1375 5943 1440 6032; x_wconf 83' lang='lat' dir='ltr'><strong>jam</strong></span> <span class='ocrx_word' id='word_1_326' title='bbox 1469 5955 1540 6010; x_wconf 81' lang='lat' dir='ltr'><strong>anto</strong></span> <span class='ocrx_word' id='word_1_327' title='bbox 1567 5965 1639 6009; x_wconf 89' lang='lat' dir='ltr'><strong>eum</strong></span> <span class='ocrx_word' id='word_1_328' title='bbox 1668 5947 1772 6008; x_wconf 83' lang='lat' dir='ltr'><strong>eomas</strong></span> <span class='ocrx_word' id='word_1_329' title='bbox 1793 5947 1832 6008; x_wconf 82' lang='lat' dir='ltr'><strong>ab</strong></span> <span class='ocrx_word' id='word_1_330' title='bbox 1854 5943 2071 6010; x_wconf 81' lang='lat' dir='ltr'><strong>Harberstein</strong></span> 
     </span>
    </p>
   </div>
   <div class='ocr_carea' id='block_1_12' title="bbox 408 6053 2073 6590">
    <p class='ocr_par' dir='ltr' id='par_1_14' title="bbox 452 6053 2073 6375">
     <span class='ocr_line' id='line_1_34' title="bbox 453 6053 2073 6152; baseline 0.003 -30"><span class='ocrx_word' id='word_1_331' title='bbox 453 6055 499 6150; x_wconf 85' lang='lat' dir='ltr'><strong>(v.</strong></span> <span class='ocrx_word' id='word_1_332' title='bbox 516 6057 639 6124; x_wconf 81' lang='lat' dir='ltr'><strong>Rerum</strong></span> <span class='ocrx_word' id='word_1_333' title='bbox 653 6063 851 6127; x_wconf 83' lang='lat' dir='ltr'><strong>moscovitie.</strong></span> <span class='ocrx_word' id='word_1_334' title='bbox 869 6076 1038 6145; x_wconf 80' lang='lat' dir='ltr'><strong>auctores,</strong></span> <span class='ocrx_word' id='word_1_335' title='bbox 1064 6059 1261 6130; x_wconf 83' lang='lat' dir='ltr'><strong>Franeofurti</strong></span> <span class='ocrx_word' id='word_1_336' title='bbox 1281 6058 1389 6143; x_wconf 88' lang='grc'><strong>1600,</strong></span> <span class='ocrx_word' id='word_1_337' title='bbox 1413 6059 1559 6152; x_wconf 70' lang='lat' dir='ltr'><strong>pugilli)</strong></span> <span class='ocrx_word' id='word_1_338' title='bbox 1580 6059 1760 6126; x_wconf 87' lang='lat' dir='ltr'><strong>distinctius</strong></span> <span class='ocrx_word' id='word_1_339' title='bbox 1780 6062 1922 6147; x_wconf 84' lang='lat' dir='ltr'><strong>exposuit</strong></span> <span class='ocrx_word' id='word_1_340' title='bbox 1936 6073 1966 6126; x_wconf 89' lang='lat' dir='ltr'><strong>et</strong></span> <span class='ocrx_word' id='word_1_341' title='bbox 1982 6053 2073 6127; x_wconf 78' lang='lat' dir='ltr'><strong>icone</strong></span> 
     </span>
     <span class='ocr_line' id='line_1_35' title="bbox 453 6167 2070 6266; baseline 0.004 -28"><span class='ocrx_word' id='word_1_342' title='bbox 453 6176 527 6242; x_wconf 81' lang='lat' dir='ltr'><strong>lieet</strong></span> <span class='ocrx_word' id='word_1_343' title='bbox 543 6177 672 6246; x_wconf 69' lang='lat' dir='ltr'><strong>,rudiora</strong></span> <span class='ocrx_word' id='word_1_344' title='bbox 693 6177 876 6254; x_wconf 85' lang='lat' dir='ltr'><strong>illustravit;</strong></span> <span class='ocrx_word' id='word_1_345' title='bbox 901 6179 935 6242; x_wconf 89' lang='lat' dir='ltr'><strong>in</strong></span> <span class='ocrx_word' id='word_1_346' title='bbox 957 6179 1021 6243; x_wconf 91' lang='lat' dir='ltr'><strong>illis</strong></span> <span class='ocrx_word' id='word_1_347' title='bbox 1043 6167 1302 6261; x_wconf 48' lang='lat' dir='ltr'><strong>itaque‘littaris,</strong></span> <span class='ocrx_word' id='word_1_348' title='bbox 1326 6179 1366 6242; x_wconf 83' lang='lat' dir='ltr'><strong>ad</strong></span> <span class='ocrx_word' id='word_1_349' title='bbox 1384 6175 1522 6244; x_wconf 70' lang='lat' dir='ltr'><strong>Petrum</strong></span> <span class='ocrx_word' id='word_1_350' title='bbox 1539 6173 1732 6266; x_wconf 84' lang='lat' dir='ltr'><strong>Camperum</strong></span> <span class='ocrx_word' id='word_1_351' title='bbox 1753 6199 1835 6242; x_wconf 85' lang='lat' dir='ltr'><strong>anno</strong></span> <span class='ocrx_word' id='word_1_352' title='bbox 1859 6173 1942 6240; x_wconf 85' lang='lat'><strong>1787</strong></span> <span class='ocrx_word' id='word_1_353' title='bbox 1961 6175 2070 6244; x_wconf 84' lang='lat' dir='ltr'><strong>Vilnae</strong></span> 
     </span>
     <span class='ocr_line' id='line_1_36' title="bbox 452 6284 2068 6375; baseline 0.002 -23"><span class='ocrx_word' id='word_1_354' title='bbox 452 6287 552 6370; x_wconf 89' lang='lat' dir='ltr'><strong>datis,</strong></span> <span class='ocrx_word' id='word_1_355' title='bbox 577 6286 616 6352; x_wconf 88' lang='lat' dir='ltr'><strong>J.</strong></span> <span class='ocrx_word' id='word_1_356' title='bbox 636 6284 680 6353; x_wconf 89' lang='lat' dir='ltr'><strong>G.</strong></span> <span class='ocrx_word' id='word_1_357' title='bbox 699 6285 840 6354; x_wconf 84' lang='lat' dir='ltr'><strong>Forster</strong></span> <span class='ocrx_word' id='word_1_358' title='bbox 855 6287 954 6354; x_wconf 83' lang='lat' dir='ltr'><strong>Uram</strong></span> <span class='ocrx_word' id='word_1_359' title='bbox 968 6289 1033 6354; x_wconf 82' lang='lat' dir='ltr'><strong>siva</strong></span> <span class='ocrx_word' id='word_1_360' title='bbox 1048 6287 1272 6355; x_wconf 87' lang='lat' dir='ltr'><strong>Germanorum</strong></span> <span class='ocrx_word' id='word_1_361' title='bbox 1286 6287 1479 6372; x_wconf 78' lang='lat' dir='ltr'><strong>Auemchs,</strong></span> <span class='ocrx_word' id='word_1_362' title='bbox 1504 6289 1595 6355; x_wconf 92' lang='lat' dir='ltr'><strong>hodia</strong></span> <span class='ocrx_word' id='word_1_363' title='bbox 1609 6291 1700 6374; x_wconf 89' lang='lat' dir='ltr'><strong>plane</strong></span> <span class='ocrx_word' id='word_1_364' title='bbox 1715 6291 1912 6375; x_wconf 84' lang='lat' dir='ltr'><strong>exstirpatam</strong></span> <span class='ocrx_word' id='word_1_365' title='bbox 1927 6289 2068 6372; x_wconf 85' lang='lat' dir='ltr'><strong>bestiam,</strong></span> 
     </span>
    </p>

    <p class='ocr_par' dir='ltr' id='par_1_15' title="bbox 408 6403 2071 6590">
     <span class='ocr_line' id='line_1_37' title="bbox 453 6403 2071 6493; baseline 0 -25"><span class='ocrx_word' id='word_1_366' title='bbox 453 6427 509 6489; x_wconf 87' lang='lat' dir='ltr'><strong>pro</strong></span> <span class='ocrx_word' id='word_1_367' title='bbox 532 6405 628 6490; x_wconf 87' lang='lat' dir='ltr'><strong>stirpe</strong></span> <span class='ocrx_word' id='word_1_368' title='bbox 650 6403 805 6490; x_wconf 84' lang='lat' dir='ltr'><strong>primitiva</strong></span> <span class='ocrx_word' id='word_1_369' title='bbox 827 6403 920 6471; x_wconf 87' lang='lat' dir='ltr'><strong>Tauri</strong></span> <span class='ocrx_word' id='word_1_370' title='bbox 942 6405 1103 6472; x_wconf 89' lang='lat' dir='ltr'><strong>domestici</strong></span> <span class='ocrx_word' id='word_1_371' title='bbox 1126 6408 1280 6488; x_wconf 79' lang='lat' dir='ltr'><strong>declarat,</strong></span> <span class='ocrx_word' id='word_1_372' title='bbox 1313 6403 1467 6472; x_wconf 84' lang='lat' dir='ltr'><strong>Bisonteru</strong></span> <span class='ocrx_word' id='word_1_373' title='bbox 1494 6407 1575 6472; x_wconf 90' lang='lat' dir='ltr'><strong>inter</strong></span> <span class='ocrx_word' id='word_1_374' title='bbox 1597 6427 1727 6491; x_wconf 81' lang='lat' dir='ltr'><strong>proavos</strong></span> <span class='ocrx_word' id='word_1_375' title='bbox 1748 6405 1817 6493; x_wconf 85' lang='lat' dir='ltr'><strong>ejus</strong></span> <span class='ocrx_word' id='word_1_376' title='bbox 1840 6427 1901 6469; x_wconf 90' lang='lat' dir='ltr'><strong>nou</strong></span> <span class='ocrx_word' id='word_1_377' title='bbox 1923 6427 1991 6470; x_wconf 86' lang='lat' dir='ltr'><strong>essa</strong></span> <span class='ocrx_word' id='word_1_378' title='bbox 2013 6429 2071 6468; x_wconf 88' lang='lat' dir='ltr'><strong>no-</strong></span> 
     </span>
     <span class='ocr_line' id='line_1_38' title="bbox 408 6499 855 6590; baseline 0.002 -2"><span class='ocrx_word' id='word_1_379' title='bbox 408 6499 411 6508; x_wconf 44' lang='grc'><strong>’</strong></span> <span class='ocrx_word' id='word_1_380' title='bbox 455 6525 632 6590; x_wconf 75' lang='lat' dir='ltr'><strong>merendum</strong></span> <span class='ocrx_word' id='word_1_381' title='bbox 655 6526 803 6589; x_wconf 76' lang='lat' dir='ltr'><strong>statuens.</strong></span> <span class='ocrx_word' id='word_1_382' title='bbox 852 6536 855 6542; x_wconf 84' lang='lat'>&#39;</span> 
     </span>
    </p>
   </div>
   <div class='ocr_carea' id='block_1_13' title="bbox 590 6675 1964 6754">
    <p class='ocr_par' dir='ltr' id='par_1_16' title="bbox 590 6675 1964 6754">
     <span class='ocr_line' id='line_1_39' title="bbox 590 6675 1964 6754; baseline 0.004 -20"><span class='ocrx_word' id='word_1_383' title='bbox 590 6675 762 6736; x_wconf 70' lang='lat' dir='ltr'><strong>Brcnwsnn</strong></span> <span class='ocrx_word' id='word_1_384' title='bbox 780 6683 869 6738; x_wconf 79' lang='lat' dir='ltr'><strong>Faue.</strong></span> <span class='ocrx_word' id='word_1_385' title='bbox 890 6697 965 6754; x_wconf 78' lang='lat' dir='ltr'><strong>casp.</strong></span> <span class='ocrx_word' id='word_1_386' title='bbox 986 6697 1065 6736; x_wconf 84' lang='lat' dir='ltr'><strong>caue.</strong></span> <span class='ocrx_word' id='word_1_387' title='bbox 1946 6678 1964 6729; x_wconf 84' lang='grc'>9</span> 
     </span>
    </p>
   </div>
   <div class='ocr_carea' id='block_1_14' title="bbox 0 0 2796 7752">
    <p class='ocr_par' dir='ltr' id='par_1_17' title="bbox 0 0 2796 7752">
     <span class='ocr_line' id='line_1_40' title="bbox 0 0 2796 7752; baseline 0 0"><span class='ocrx_word' id='word_1_388' title='bbox 0 0 2796 7752; x_wconf 95' lang='lat' dir='ltr'><strong> </strong></span> 
     </span>
    </p>
   </div>
  </div>
 </body>
</html>
