5524 7750
932 1399 1323 1490 mormonouus
1349 1391 1559 1488 monus
1585 1398 1710 1489 FITZ.
1745 1400 1839 1486 Tse.
1872 1427 1971 1488 rnre.
2000 1403 2082 1486 Fra.
2118 1403 2228 1486 1-3.

1084 1702 1214 1817 'Trop
1251 1698 1435 1788 Tantalus
1462 1713 1503 1788 et
1535 1703 1652 1816 Trop.
1683 1705 1840 1814 praeite
1865 1729 1913 1786 m.
1946 1705 2006 1814 (')

1094 1857 1255 1952 Coluder
1280 1869 1422 1978 hydrus
1449 1865 1551 1950 Part
1583 1869 1713 1952 Doud.

1089 2023 1247 2131 Hydros
1275 2023 1427 2134 cuspius
1454 2022 1633 2105 Scdacid.
1699 2025 1702 2032 ’

1092 2175 1222 2260 coto.
1252 2177 1474 2260 reticulatus
1500 2175 1640 2262 Hira?

824 2509 947 2615 Supra
971 2493 1313 2608 'luscooliracene
1343 2505 1460 2613 nigris
1489 2504 1650 2588 maculis
1673 2505 1712 2586 in
1739 2505 1947 2616 quincunce
1964 2503 2161 2612 dispositis
2178 2527 2252 2612 per
2268 2485 2387 2586 series

772 2676 965 2782 regulares
989 2685 1117 2756 totum
1143 2683 1317 2755 truncum
1343 2673 1634 2772 adornantibns,
1664 2673 1798 2754 subtus
1826 2673 2004 2772 tiendus,
2034 2671 2384 2779 nigro-maculatus.

823 2825 926 2912 Hah.
956 2831 1004 2912 ud
1030 2857 1135 2912 mare
1161 2831 1331 2936 caspium
1344 2889 1355 2929 ,
1385 2829 1433 2910 ad
1459 2855 1590 2910 omncs
1617 2827 1701 2936 ejus
1728 2847 1816 2912 oras'
1834 2839 1875 2912 at
1892 2827 2034 2911 insulas
2046 2890 2058 2928 ,
2088 2827 2128 2908 in
2144 2829 2276 2911 littore
2294 2852 2388 2937 quo-

772 3017 845 3097 que
871 2985 1050 3070 orientali
1076 2999 1117 3070 et
1144 2987 1317 3068 australi.

822 3149 899 3230 Pro
926 3148 1031 3229 uana
1059 3151 1186 3229 aetate
1211 3147 1428 3254 complures
1455 3154 1608 3229 exstant
1633 3147 1851 3245 varietates,
1881 3145 1931 3228 ab
1957 3143 2117 3228 invicem
2143 3145 2292 3252 aegrius
2315 3141 2387 3226 dii-

770 3303 959 3386 serendae.

820 3459 1016 3570 Frequens
1049 3465 1201 3576 quoque
1236 3456 1385 3566 species
1420 3461 1538 3540 maris·
1569 3457 1667 3568 nigri
1700 3459 1814 3568 inque
1841 3457 1914 3542 huc
1943 3459 2101 3569 pontico
2129 3457 2269 3543 lasciue
2296 3469 2386 3568 post

768 3621 924 3728 occiput
949 3619 1099 3728 nigrae,
1135 3621 1356 3728 elongatae,
1393 3621 1517 3702 minus
1550 3619 1802 3727 conspicuae,
1838 3645 1861 3704 e
1888 3623 2044 3703 maculis
2072 3621 2188 3730 nigris
2215 3619 2269 3703 ibi
2296 3643 2387 3702 con·

767 3771 970 3856 liuentibus
1005 3781 1188 3875 exortae3
1223 3783 1340 3880 eaput
1372 3775 1616 3882 depressum,
1654 3775 1831 3881 superior
1863 3767 2018 3856 ruaxifla
2051 3769 2181 3880 paullo
2215 3771 2382 3880 longior,

768 3933 877 4040 regio
912 3932 1129 4038 occipitalis
1164 3933 1346 4032 dilatata,
1391 3932 1583 4017 anteriora
1617 3956 1752 4017 versas
1793 3934 1934 4014 sanaim
1968 3934 2188 4041 augustior,
2233 3933 2387 4016 maxilla

766 4091 946 4198 utrinqne
981 4091 1137 4198 oblique
1170 4091 1423 4192 ὀοωουάοηε,
1463 4109 1575 4174 nares
1611 4103 1757 4174 teretes
1790 4091 1831 4173 ln
1865 4093 2026 4175 seualle
2061 4091 2182 4194 sitae;
2225 4093 2385 4175 latitudo

767 4256 932 4364 regionis
960 4253 1176 4360 occipitalis
1201 4215 1344 4355 affl,
1374 4256 1476 4337 inter
1502 4257 1635 4337 oculos
1663 4253 1689 4336 3
1715 4255 1781 4336 lin.

821 4411 1008 4520 Squamae
1034 4411 1163 4492 notaei
1191 4411 1405 4532 carinatas,
1442 4411 1657 4518 junioribus
1685 4411 1835 4510 laeva,
1872 4411 2202 4518 elongato-ovatae
2213 4471 2225 4510 ,
2255 4409 2387 4492 imbri·
2440 4446 2442 4450 ¹

764 4579 896 4669 eatae,
932 4579 1005 4676 per
1035 4570 1082 4653 19
1116 4572 1235 4654 series
1269 4572 1561 4680 longitudinales
1595 4566 1829 4676 dispositae3
1865 4593 2046 4677 squamae
2082 4571 2231 4678 gulares
2263 4571 2386 4677 peri

765 4729 887 4811 series
914 4729 1089 4837 obliquas
1116 4731 1156 4810 in
1182 4731 1321 4839 Hydra
1347 4731 1503 4836 caspio,
1534 4755 1605 4836 per
1631 4727 1657 4809 5
1683 4728 1723 4808 in
1750 4719 1805 4809 ll.
1835 4728 1992 4835 pontico
2019 4729 2250 4834 dispositae,
2280 4723 2325 4842 (l.
2345 4753 2381 4810 c.

762 4886 828 4995 Μ.
856 4879 918 4999 2.)
954 4887 1073 4968 canda
1105 4887 1314 4994 derepente
1340 4897 1556 4987 attenuata,
1596 4887 1741 4987 tenuia,
1779 4899 1942 4996 propter
1968 4910 2211 4996 squamarum
2237 4889 2386 4972 urinas

765 5053 898 5150 argute
934 5045 1130 5151 angulata,
1169 5047 1323 5126 cinereo
1349 5046 1535 5152 nigroque
1561 5045 1769 5144 maculate,
1808 5064 1885 5126 aon
1910 5069 1959 5128 ex
1978 5057 2070 5126 toto
2097 5047 2223 5153 nigra,
2262 5047 2384 5156 qualis

766 5211 893 5283 tamen
920 5211 981 5284 est
1008 5203 1047 5283 in
1073 5201 1211 5311 Hydro
1239 5202 1360 5308 caspii
1386 5203 1517 5283 maris.

817 5380 967 5494 Langia
999 5386 1116 5466 totius
1143 5387 1320 5494 corporis
1346 5389 1373 5468 2
1399 5387 1487 5497 ped.
1517 5380 1542 5468 9
1569 5387 1689 5494 poll.;
1725 5384 1808 5468 sola
1843 5387 1963 5469 canda
1990 5386 2016 5467 5
2042 5389 2136 5492 poll.
2167 5387 2193 5466 5
2219 5387 2285 5468 lin.
2319 5411 2385 5471 ex·

764 5542 886 5642 cedit3
916 5533 1080 5624 ambitui
1106 5543 1281 5650 corporis
1309 5543 1644 5626 tereti-incrassati
1674 5541 1723 5653 (l.
1753 5569 1788 5624 c.
1816 5538 1881 5652 fig.
1912 5535 1972 5658 3.)
1999 5543 2222 5625 delineatae.

817 5733 937 5816 Valde
963 5733 1083 5814 affinis
1118 5723 1577 5848 Tropr‘doaototesseloto
1605 5733 1714 5814 Fitzr
1743 5731 1987 5840 (Corouclloc
2014 5733 2211 5814 tesselatuc
2238 5733 2381 5832 Leon,

679 5953 681 5958 ,
768 5891 932 5974 Colabro
959 5898 1134 5977 tesscloto
1160 5884 1309 5980 Milton.
1340 5907 1381 5977 et
1407 5889 1591 5977 Menaeni
1613 5891 1679 6008 (ex
1705 5907 1816 6001 parte
1828 5955 1839 5994 ,
1870 5895 1935 6004 qui
1962 5923 2049 5979 eum
2075 5895 2277 5980 confundit
2298 5925 2383 5981 cnm

767 6049 851 6131 Col.
881 6047 1049 6160 ceperano
1075 6048 1211 6150 Luta,
1247 6039 1281 6133 T
1281 6051 1505 6164 ropidouoto
1525 6049 1672 6134 Bouclle
1691 6049 1729 6132 F
1729 6051 1795 6132 itt.
1793 6051 1833 6160 ),
1867 6051 2031 6135 Calabro
2057 6047 2194 6161 gabino
2212 6051 2381 6152 Meton„

762 6199 923 6284 Natrici
953 6201 1114 6309 pubicae
1149 6197 1324 6314 Boaap.)
1359 6199 1499 6286 Dillart
1534 6203 1681 6311 majore
1717 6215 1913 6286 scutorum
1948 6227 2130 6306 numero,
2170 6205 2208 6286 in
2244 6203 2383 6316 Hydra

804 6523 858 6616 l')
880 6523 918 6592 V·
943 6523 1071 6611 Zoelae.
1096 6529 1225 6614 specus.
1250 6546 1302 6595 m.
1327 6547 1405 6615 pag.-
1427 6525 1563 6594 use.
