5582 7752
1086 861 1347 944 ..53-

467 1051 680 1161 Olsoctors'o
699 1051 861 1158 denique
875 1049 1053 1133 vertebra
1073 1073 1145 1156 pro
1159 1073 1322 1154 corpore
1335 1071 1406 1128 suo
1421 1043 1534 1128 offert
1546 1069 1724 1125 vomerem
1741 1043 1783 1153 (l.
1801 1071 1835 1124 c.
1853 1041 1894 1150 o)
1909 1043 2026 1124 mani-

413 1214 510 1298 feste
530 1216 733 1322 duplicem,
756 1214 878 1321 qualis
901 1212 1176 1320 quodammodo
1190 1209 1306 1292 etiam
1320 1210 1386 1291 ille
1399 1209 1531 1289 bovilli
1549 1207 1702 1314 pecoris
1721 1207 1893 1312 adparet,
1914 1205 2024 1310 cujus

413 1381 540 1452 tamen
565 1379 726 1478 utraque
753 1367 891 1448 lamina
917 1378 1047 1448 mutuo
1075 1363 1238 1472 posthac
1266 1364 1433 1444 intimius
1461 1363 1601 1444 coalita
1628 1362 1793 1466 nonnisi
1811 1361 2027 1467 posteriora

412 1545 543 1602 versus
579 1517 727 1626 aliquos
768 1517 955 1623 pristinae
991 1477 1255 1620 diremptionis
1291 1513 1431 1594 limites
1469 1521 1603 1617 aperte
1638 1520 1848 1609 monstrat3
1887 1509 2026 1614 duplex

412 1669 542 1776 itaque
559 1663 850 1746 Psammosauri
865 1625 1009 1764 vomer,
1039 1663 1257 1770 posteriora
1274 1687 1423 1760 versus,
1453 1659 1519 1740 ubi
1537 1671 1738 1766 utrumque
1756 1683 1799 1758 os
1818 1658 2026 1763 palatinum

411 1827 581 1926 accedit,
620 1851 755 1932 magno
791 1823 897 1906 hiato
934 1827 983 1906 ab
1019 1825 1180 1908 invicem
1213 1825 1447 1945 diremptus,
1485 1823 1681 1906 anteriora
1716 1849 1849 1906 versus
1884 1823 2052 1904 sensimw

413 1990 628 2062 coarctatus
663 1980 870 2088 intimaque
904 1980 1081 2086 junctus,
1119 1979 1367 2090 profundiore
1402 1981 1534 2070 canale
1561 1978 1707 2062 inlerne
1734 1990 1911 2062 exaratus
1936 1990 2023 2080 est,

411 2141 586 2248 binisque
614 2139 848 2221 foraminulis
876 2142 1023 2224 nerveis
1042 2151 1236 2247 pertusus,
1267 2142 1315 2222 ad
1332 2151 1534 2248 utrumque
1552 2166 1645 2223 vcro
1663 2143 1763 2222 latus
1782 2141 1820 2220 in
1838 2141 2028 2222 elevatum

409 2303 577 2384 excurrit
603 2328 840 2409 processum,
871 2303 935 2410 qui
953 2303 1146 2384 turbinata
1164 2313 1326 2410 utraque
1344 2301 1491 2383 concha
1509 2302 1657 2382 narium
1675 2301 1874 2408 grandiore
1893 2327 2027 2407 super-

354 2517 357 2530 ·
411 2476 580 2546 structus
615 2475 687 2546 est.
717 2463 826 2561 Quae
852 2465 998 2546 scilicet
1025 2489 1189 2570 superne
1216 2465 1392 2562 clausae,
1423 2461 1569 2545 inlerne
1597 2463 1645 2544 ad
1671 2465 1863 2545 anteriora
1889 2489 2024 2570 magno

411 2627 594 2712 foramine
621 2629 728 2710 hiant
755 2629 868 2735 inque
886 2628 1105 2733 posteriore
1123 2637 1233 2732 parte
1250 2627 1427 2733 utrinque
1445 2651 1563 2731 supra
1580 2648 1772 2705 vomerem
1789 2647 1861 2728 per
1880 2624 2024 2729 amplas

410 2787 448 2867 id
475 2814 591 2895 genus
619 2798 818 2893 aperturas
847 2788 886 2866 in
914 2785 1041 2868 lauces
1060 2796 1289 2886 excurrunt3
1321 2786 1359 2865 in
1377 2786 1515 2866 ceteris
1534 2787 1574 2864 in
1591 2785 1851 2892 Polydoedulo
1870 2751 2029 2866 ot'lotr'co

410 2942 457 3022 ad
483 2943 703 3048 posteriora
729 2965 939 3038 concavae,
970 2940 1019 3020 ad
1045 2941 1239 3022 anteriora
1265 2964 1357 3021 voro
1383 2963 1574 3022 convexae
1601 2939 1793 3039 conchae,
1825 2941 1864 3020 in
1891 2941 2026 3020 Psem-

409 3099 584 3184 mdsouro
619 3099 743 3206 priseo
779 3097 988 3205 (Monitorc
1017 3111 1188 3178 terrestre
1218 3097 1312 3180 Cuo.
1350 3097 1503 3180 Vareno
1530 3097 1657 3179 scinco
1684 3097 1831 3206 Merr.)
1859 3124 2024 3204 superne

412 3277 460 3332 ex
486 3263 570 3332 toto
597 3277 802 3350 convexae,
834 3252 873 3331 in
899 3263 1032 3332 nostro
1060 3277 1083 3332 e
1109 3263 1244 3333 contra
1271 3250 1401 3360 caspio
1419 3251 1544 3334 media
1561 3261 1687 3358 parte,
1717 3251 1871 3332 carinae
1889 3251 2021 3354 instar,

410 3408 733 3514 longitudinaliter
751 3409 913 3506 elevata,
942 3407 1106 3514 utroque
1126 3409 1247 3490 latere
1264 3432 1388 3514 prope
1405 3409 1574 3490 carinam
1600 3418 1797 3506 excavato,
1828 3419 2021 3490 notantur.

410 3567 581 3674 Utraque
615 3566 762 3648 concha
795 3566 968 3674 simplice
1003 3593 1188 3674 processu
1222 3568 1421 3676 utriusque
1458 3567 1557 3646 ossis
1593 3566 1900 3648 intermaxillaris
1934 3590 2026 3648 con-

405 3726 541 3832 juncti,
563 3755 680 3836 supra
697 3729 856 3810 eandem
868 3729 1094 3811 decurrente
1110 3728 1152 3838 (l.
1171 3758 1205 3810 c.
1222 3727 1281 3838 p),
1303 3729 1526 3812 abinvicem
1544 3707 1735 3808 dirimitur
1750 3739 1791 3810 et
1809 3755 1832 3809 a
1850 3729 2024 3836 quolibet

409 3889 451 3998 (Ι.
483 3919 517 3970 c.
548 3889 589 3999 q)
617 3894 738 3973 latere
765 3919 848 3972 osse
875 3891 1191 3999 supramomillari
1213 3892 1412 3972 limitatur.

460 4045 581 4126 Arcus
608 4045 722 4150 hujus
741 4047 942 4128 vertebrae
968 4047 1202 4128 constituunt
1221 4071 1309 4124 osso
1327 4046 1532 4126 ctdmoideo
1550 4045 1743 4144 lateralia,
1764 4073 1862 4156 quae
1881 4047 2020 4128 subtri-
2124 4119 2126 4126 ,

408 4210 566 4306 quetrae
604 4197 748 4282 formae
784 4201 914 4306 plures
942 4200 1146 4280 demittunt
1171 4223 1399 4302 processus,
1439 4198 1677 4303 superiorem
1703 4211 1744 4280 et
1770 4199 2024 4305 posteriorem

407 4358 455 4437 ad
490 4381 534 4436 os
563 4353 722 4456 frontis,
777 4354 998 4439 inferiorem
1031 4356 1118 4438 dein
1154 4357 1331 4438 latiorem
1372 4382 1420 4439 eo
1471 4357 1667 4465 multoque
1711 4358 1932 4439 validiorem
1976 4361 2024 4441 ad

406 4509 615 4613 palatinum
625 4569 637 4608 ,
658 4520 698 4590 et
716 4509 969 4608 anteriorem,
990 4509 1056 4590 illo
1074 4519 1238 4618 utroque
1255 4511 1375 4590 multo
1393 4510 1601 4609 minorem,
1624 4510 1672 4590 ad
1689 4512 2018 4616 supramaxillare,

407 4670 543 4776 quibus
571 4671 702 4778 itaque
729 4671 879 4751 ossibus
908 4671 946 4750 in
973 4671 1164 4753 intimiore
1191 4683 1367 4752 versatur
1391 4697 1586 4773 connexu;
1616 4683 1656 4753 at
1682 4684 1886 4778 praetcrea
1913 4675 2023 4757 adid

407 4832 554 4912 accedit
580 4857 624 4912 os
651 4833 932 4938 supraorhitale
960 4833 1040 4915 sive
1066 4832 1232 4914 anticum
1265 4832 1393 4941 jugale
1421 4832 1463 4943 (l.
1486 4861 1520 4914 e.
1541 4830 1604 4942 n),
1641 4858 1727 4914 cum
1754 4835 1820 4916 illo
1848 4863 2023 4942 magnum

407 4990 577 5077 foramen
602 5019 672 5100 pro
699 5019 815 5074 nervo
843 4991 1047 5074 olloctorio
1074 4994 1267 5074 educendo
1293 5006 1532 5075 construens.

460 5151 641 5256 Spinosus
676 5175 766 5232 vero
802 5175 1006 5255 processus
1048 5149 1272 5232 olfactoriae
1313 5152 1512 5234 vertebrae
1548 5153 1710 5257 simplex
1742 5156 1937 5259 componit
1977 5181 2020 5236 os

405 5304 496 5388 nusi
504 5365 515 5404 ‚
546 5304 647 5412 quod
673 5305 826 5411 planum
853 5331 876 5384 a
902 5309 1104 5412 superiore
1130 5309 1234 5390 nulla
1255 5309 1439 5414 pristinae
1457 5309 1718 5414 diremptionis
1738 5311 1919 5419 vestigia,
1949 5312 2020 5394 nisi

405 5461 571 5540 anticum
606 5459 751 5541 hiatum
786 5459 961 5568 exiguum
996 5461 1284 5570 praesefert,
1326 5463 1389 5544 cui
1416 5429 1586 5545 extrema
1615 5491 1704 5572 pars
1733 5490 1936 5571 processus
1964 5465 2020 5545 in-

407 5620 673 5701 termaxillaris
700 5605 905 5722 incumbit,
935 5623 1129 5728 posterior
1155 5649 1246 5706 vero
1274 5650 1364 5731 pars
1391 5627 1473 5707 nasi
1497 5628 1594 5707 ossis
1614 5628 1771 5709 dilatata
1788 5629 1838 5708 ab
1855 5639 2019 5735 utroque

405 5798 493 5854 osse
511 5774 646 5856 frontis
664 5835 674 5874 ‚
695 5775 840 5858 hiatum
859 5779 1025 5885 amplum
1044 5779 1185 5862 ibidem
1204 5792 1472 5881 construente,
1493 5793 1584 5890 apte
1598 5783 1789 5889 excipitur
1806 5795 1847 5862 et
1870 5782 2014 5890 ligitur.

456 5937 541 6017 Jam
568 5963 659 6018 vero
687 5939 735 6020 ad
755 5941 869 6048 pedes
898 5943 1079 6050 capitales
1107 5943 1363 6024 illustrandos¹
1385 5954 1645 6044 transeamus;
1685 5966 1848 6050 quorum
1881 5971 2018 6052 nempe

405 6094 469 6175 alii
496 6094 668 6200 genuini,
698 6095 876 6176 mamillae
903 6097 1110 6204 sepembris
1138 6109 1178 6178 et
1205 6097 1397 6204 r'osert'oris
1423 6099 1622 6205 exemplo,
1660 6099 1725 6180 alii
1753 6126 1845 6182 vero
1872 6100 2014 6208 spurii,

404 6282 585 6363 quorsum
610 6259 801 6339 numerari
828 6259 1023 6338 solentes
1051 6258 1376 6358 s'otermccr'llorc,
1409 6259 1586 6368 palatina
1620 6289 1735 6358 osso,
1769 6261 2017 6370 ptorpqoideo

403 6423 444 6492 et
464 6439 665 6521 processus
688 6393 936 6522 pterpqoidci.

541 6589 713 6648 termnum
731 6590 820 6648 Fann.
840 6609 915 6666 casp.
936 6609 1015 6648 canc.
1847 6600 1876 6651 tl
