5628 7750
1420 753 1684 838 ...84-

800 953 992 1038 Candalor
1007 949 1205 1033 vertebrae
1223 968 1461 1038 numerosae,
1483 941 1546 1054 (bl
1565 951 1812 1022 numerantur
1825 933 2362 1044 immersimus-incompleta)

746 1124 901 1218 praeter
922 1109 1096 1192 amusos
1124 1128 1330 1212 processus
1354 1103 1532 1212 spinosos
1560 1101 1780 1208 superiores
1807 1111 1849 1182 et
1870 1095 2102 1196 inferiores,
2134 1094 2366 1202 longissimis

745 1291 896 1372 quoqne
932 1261 1166 1344 trrrrrsrersis¹
1194 1259 1378 1367 gaudent,
1404 1259 1470 1338 ritu
1504 1269 1653 1353 tamen,
1696 1266 1741 1334 ut
1765 1252 1967 1336 inferiores
1994 1251 2140 1357 spinosi
2167 1251 2206 1328 in
2227 1259 2365 1356 quarte

747 1425 898 1508 demum
920 1425 1121 1530 incipiant,
1149 1434 1191 1504 et
1218 1422 1257 1502 in
1283 1421 1562 1527 undevigesima
1578 1418 1813 1522 dispareant,
1844 1439 1961 1520 quum
1979 1413 2017 1492 in
2035 1411 2181 1494 decima
2198 1408 2364 1490 secrmds

746 1577 826 1683 jam
859 1579 1097 1664 desideretur
1123 1601 1326 1682 processus
1360 1575 1537 1680 spinosus
1571 1553 1749 1678 superior
1775 1569 1952 1674 nullaque
1981 1566 2062 1648 lere
2088 1565 2246 1670 vestigia
2274 1587 2368 1668 pro-

748 1767 925 1824 cessuum
953 1717 1257 1822 transverso'rum
1285 1739 1322 1818 in
1349 1737 1496 1818 decima
1518 1737 1687 1840 septima
1713 1733 1850 1813 adsint.
1886 1729 1975 1828 Quo
2001 1729 2065 1828 lit,
2098 1739 2146 1808 ·ut
2169 1738 2367 1808 extremae

749 1895 950 1977 vertebrae
976 1895 1152 1975 candales
1179 1893 1321 1974 sensim
1348 1891 1540 2002 tenuiores
1566 1901 1608 1971 et
1635 1889 1824 1996 longiores
1851 1889 2034 1988 eradant,
2063 1899 2225 1993 utraque
2251 1898 2366 1991 parte

749 2055 920 2126 extrema
945 2045 1076 2150 paullo
1104 2043 1319 2140 tumidiore,
1350 2041 1609 2148 apophysibus
1633 2039 1900 2122 articularibus
1929 2039 2064 2122 euticis
2092 2037 2364 2133 validioribus,

751 2198 911 2304 posticis
938 2196 1175 2280 tenuioribus
1203 2197 1401 2280 instructa.
1520 2287 1522 2294 ,

809 2352 911 2456 sta
937 2352 1058 2441 sterar'
1081 2363 1122 2434 et
1142 2351 1262 2462 pelais
1286 2353 1418 2460 paullo
1446 2351 1628 2437 recedam
1655 2378 1679 2436 a
1699 2279 1988 2452 consimilibus
1989 2349 2155 2441 affinium
2186 2375 2369 2458 &oerum

752 2515 917 2599 ossibus.
948 2515 1049 2597 lllad
1076 2512 1186 2624 (Tab
1211 2539 1289 2594 nu.
1310 2512 1374 2621 lig
1396 2511 1437 2622 5)
1466 2513 1592 2608 media
1616 2525 1727 2620 parte
1754 2539 1881 2614 ossea,
1912 2527 2093 2624 tauquam
2118 2539 2297 2622 corpore,
2327 2525 2368 2594 ut

755 2675 901 2783 reliqna
926 2677 1173 2784 cartilagiues
1199 2677 1376 2778 excellit,
1406 2701 1546 2783 corpus
1574 2703 1727 2761 osseum
1746 2678 1937 2772 anteriora
1957 2703 2089 2770 versus
2108 2679 2146 2762 iu
2163 2703 2368 2784 processus

754 2845 848 2924 duos
876 2841 1056 2924 laterales
1085 2851 1211 2920 rectos
1249 2840 1557 2948 acuminatosque
1592 2842 1776 2940 excurrit,
1806 2843 1872 2950 qui
1899 2845 2120 2924 claviculam
2147 2869 2297 2926 osseam
2322 2871 2366 2926 ac

755 3015 907 3120 tenuem
919 3059 929 3100 ,
968 3023 1118 3110 sursum
1154 2997 1345 3078 incurram
1386 2996 1460 3076 sibi
1500 2997 1756 3103 antepositam
1794 3009 1953 3109 geruut;
1996 3001 2240 3110 cartilaginea
2278 3026 2369 3106 pars

755 3163 930 3280 stemalia
948 3163 1065 3270 plana
1082 3186 1214 3274 versus
1242 3159 1460 3268 posteriora
1486 3159 1696 3266 majoribus
1714 3161 1861 3242 duobus
1882 3159 2128 3272 foraminibus
2148 3162 2370 3270 lateralibus

755 3317 915 3428 aliisque
932 3319 1079 3399 enonas
1097 3317 1330 3398 intermediis
1349 3317 1556 3398 minorihus
1571 3329 1744 3426 pertusa,
1765 3297 2370 3430 urmqaqquoreaarugues

755 3479 919 3602 costales
947 3477 1154 3618 simplices
1168 3487 1208 3556 et
1234 3476 1403 3584 quintam
1431 3475 1517 3556 inde
1536 3475 1659 3555 abasi
1680 3473 1862 3556 lurcatam
1881 3487 2029 3584 gerrmt,
2059 3487 2370 3608 quaepostremu

755 3639 922 3771 omnium
949 3601 1179 3769 longissima,
1209 3646 1428 3776 cunctarum
1455 3635 1615 3716 aliarum
1641 3656 1748 3714 more
1772 3645 1919 3715 costam
1938 3633 2031 3773 figit,
2062 3645 2102 3714 at
2119 3637 2242 3759 altera
2257 3647 2371 3744 parte

756 3792 947 3930 crassiore
983 3801 1024 3924 et
1059 3760 1228 3910 longiore
1265 3800 1379 3898 atque
1417 3791 1569 3932 incurva
1605 3789 1755 3902 longum
1790 3789 1864 3870 iter
1897 3789 1936 3868 in
1963 3750 2166 3871 abdomine
2191 3791 2368 3908 conficit,

758 3916 880 4062 neque
907 3977 993 4030 cum
1019 3961 1129 4034 costa
1153 3950 1334 4056 juugitur.

811 4111 982 4241 Scapula
996 4109 1042 4218 ·.(l
1065 4137 1098 4189 c.
1114 4110 1222 4220 fipfl
1226 4107 1256 4220 .)
1275 4137 1297 4193 e
1316 4109 1466 4218 duplice
1483 4122 1594 4218 parte
1613 4111 1780 4244 intimius
1799 4123 1962 4194 connata
1979 4125 2187 4210 exstructa,
2212 4111 2371 4194 formam

758 4293 943 4375 perquam
969 4267 1132 4397 similem
1158 4267 1293 4364 offert,
1333 4268 1483 4372 qualem
1500 4234 1661 4398 quoque
1690 4269 1728 4348 iu
1755 4230 2049 4398 Psammasaara
2069 4267 2370 4398 descripsimus3

760 4425 962 4506 rotundata
989 4388 1120 4530 itaque
1147 4384 1301 4504 excellit
1326 4435 1452 4528 parte,
1483 4424 1531 4504 ad
1558 4437 1728 4505 sternam
1754 4451 1951 4524 conversa,
1982 4427 2131 4563 postiae
2149 4427 2235 4508 dein
2252 4453 2374 4533 prope

760 4579 909 4660 foveam
944 4581 1185 4659 articularem
1221 4578 1372 4678 excisa,
1410 4593 1450 4662 et
1486 4581 1609 4662 eutice
1637 4607 1821 4688 processu
1847 4581 2041 4688 longiore,
2080 4585 2126 4665 ad
2154 4587 2374 4717 clericalem

761 4725 804 4847 (l.
834 4768 869 4819 a.
899 4739 963 4848 ἧς.
995 4737 1053 4848 6.)
1090 4737 1378 4847 proficiscente,
1408 4751 1563 4839 natata,
1595 4768 1670 4849 quo
1699 4752 1740 4822 et
1766 4741 1851 4849 ipso
1880 4741 2020 4822 ibidem
2047 4741 2142 4825 duae
2169 4707 2375 4826 nascuntur

759 4883 978 5000 excisurae;
1018 4925 1219 5006 supremae
1255 4897 1356 5003 parti
1393 4899 1583 5004 scapulari
1619 4879 1746 5006 figitur
1781 4899 1855 4979 alia
1882 4864 2147 5043 cartilaginea,
2187 4901 2237 4982 ab
2264 4890 2374 4981 initio

761 5063 918 5160 anguste
944 5078 989 5134 ac
997 5046 1128 5133 dein
1130 5053 1272 5134 sensim
1297 5052 1426 5151 latior,
1456 5053 1615 5136 dilatato
1644 5053 1810 5159 margine
1838 5053 2040 5163 rotundato
2068 5027 2257 5218 pluribus
2271 5049 2375 5207 lora·

643 5228 646 5234 ’
760 5207 923 5290 minibus
949 5211 1158 5356 majoribus
1185 5221 1357 5315 pertuso.

696 5381 699 5388 “
815 5359 990 5474 Singulae
1017 5347 1114 5446 ossis
1137 5367 1257 5474 pelais
1271 5359 1404 5474 (Tac.
1436 5395 1513 5447 ιιιι.
1543 5367 1608 5474 fiq.
1640 5362 1699 5475 8.)
1727 5300 1855 5475 partes
1883 5341 1928 5449 os
1935 5339 2057 5451 siriam
2076 5350 2162 5484 (1
2142 5399 2175 5449 c.
2173 5317 2378 5512 a)elorr-

760 5539 888 5634 gatum
914 5553 959 5608 ac
987 5527 1287 5626 teretiusculum,
1318 5551 1361 5606 os
1385 5527 1496 5635 palis
1525 5525 1568 5635 (l.
1600 5555 1634 5608 c.
1665 5521 1725 5640 b.)
1753 5538 1878 5626 tenum,
1910 5529 2163 5610 tuberositate
2186 5502 2379 5610 celeriore

761 5687 955 5781 usurum,
985 5693 1026 5764 er
1052 5705 1096 5762 os
1123 5662 1237 5762 astra
1258 5679 1301 5790 (ι.
1325 5705 1359 5761 0.
1376 5682 1447 5792 a),
1478 5683 1554 5764 rurs
1583 5683 1696 5766 rasus
1723 5687 1884 5792 cumqe
1902 5659 2128 5792 caupones,
2158 5660 2379 5788 cartilagine

763 5843 934 5924 tenuiore
961 5845 1240 5942 intercedente,
1271 5863 1494 5943 connexum,
1525 5847 1563 5925 iu
1591 5845 1790 5928 acetabula
1817 5843 2072 5929 construendo
2101 5845 2266 5927 iu'vit'em'
2288 5866 2379 5928 corr*

761 6008 920 6080 currunt
945 5995 1179 6109 firmiterque
1205 5999 1427 6100 cohaerent,
1458 6013 1500 6081 ut
1517 6023 1668 6109 quoque
1686 6001 1938 6092 conformatio
1955 6005 2077 6109 pelvis
2096 6005 2381 6084 Psarerasaun

764 6157 994 6262 rep'etalus3¹
1010 6157 1170 6263 qualit,
1200 6171 1245 6238 ut
1266 6171 1468 6266 utrumque
1487 6157 1785 6242 lorameelorsle
1802 6160 2184 6244 maximominrimm
2200 6161 2379 6242 moderat

816 6315 922 6396 Idem
959 6342 1110 6425 quaque
1138 6318 1239 6398 velet
1265 6317 1313 6398 de
1340 6319 1492 6398 essibus
1519 6329 1773 6400 extremarum
1801 6318 1990 6424 partium,
2024 6324 2139 6430 pedes
2165 6317 2315 6413 anticas
2329 6332 2382 6400 ‚et
