5582 7752
1443 896 1704 978 -36-
1897 928 1901 936 ·

764 1085 1008 1168 durissimam
1030 1083 1081 1192 (l.
1112 1107 1149 1164 c
1179 1079 1268 1190 usq.
1300 1083 1338 1162 ἓ.
1369 1107 1405 1162 a.
1435 1081 1473 1162 h.
1505 1079 1569 1189 o.)
1595 1081 1853 1178 constituens,
1889 1079 2052 1162 alterum
2078 1093 2169 1163 'vero
2196 1081 2244 1163 ad
2271 1094 2377 1166 ante·

765 1249 904 1346 riorem
938 1241 1064 1322 hiatus
1102 1241 1202 1321 illins
1238 1239 1470 1347 marginem,
1509 1250 1717 1322 extremam
1737 1291 1740 1298 Δ
1758 1265 1888 1322 versus
1924 1240 2006 1322 nasi
2041 1241 2190 1348 partem
2225 1253 2373 1339 exstet,

764 1409 883 1489 multo
909 1405 1100 1502 crassius,
1130 1401 1252 1508 majus
1280 1428 1457 1510 quoque,
1489 1412 1528 1482 at
1554 1401 1654 1483 haud
1682 1402 1735 1482 ita
1761 1403 1909 1482 durum.
2196 1389 2198 1396 ’

815 1563 1013 1646 Posterius
1048 1557 1140 1641 illud
1173 1572 1356 1666 punctum
1391 1585 1543 1641 osseum
1578 1561 1783 1668 marginem
1810 1557 1937 1642 hiatus
1965 1561 2220 1667 posteriorem
2246 1572 2287 1642 et
2313 1587 2376 1642 su·

763 1714 957 1820 periorem
991 1711 1211 1854 constitnit,
1250 1737 1338 1792 nam
1372 1711 1531 1796 inferior
1565 1715 1630 1794 ille
1667 1725 1707 1794 et
1733 1713 1903 1794 anterior
1930 1691 2081 1794 omnino
2109 1713 2375 1820 cartilagineus

757 1887 825 1954 ‘est
850 1885 891 1956 et
917 1872 1064 1972 mollis;
1104 1872 1192 1952 talis
1233 1897 1383 1980 quoque
1420 1899 1531 1954 ossea
1567 1873 1702 1953 indolis
1737 1874 1969 1981 cartilaginis
1997 1876 2136 1956 naselis
2163 1901 2371 1982 nunqnam,

764 2057 833 2114 neo
860 2031 1010 2138 inipso
1037 2030 1247 2136 grandaevo
1273 2030 1416 2111 cranio-
1430 2031 1600 2128 berillo,
1630 2021 1866 2116 observatur.

816 2190 990 2280 Conchae
1017 2190 1165 2270 narium
1190 2215 1325 2272 osseae
1352 2191 1544 2271 anteriora
1572 2217 1703 2272 versus
1731 2175 1997 2300 cartilagineae
2025 2191 2138 2292 hunt,
2168 2205 2209 2274 et
2235 2183 2374 2302 ubique

697 2383 700 2391 ¹
764 2351 934 2430 locorum
959 2346 1198 2453 cartilagines
1227 2345 1312 2428 hae
1326 2359 1526 2428 contortae
1553 2321 1702 2453 amplae
1730 2374 1886 2430 mucosa
1913 2351 2162 2448 membrana,
2182 2351 2282 2457 septi
2309 2379 2374 2434 na·

763 2507 860 2584 rium
886 2504 1288 2610 cartilagineiinstar,
1318 2503 1480 2584 amictae
1507 2514 1613 2602 sunt3
1644 2504 1802 2585 ulterius
1829 2505 1916 2588 dein
1943 2505 2134 2586 anteriora
2160 2531 2291 2588 versus
2319 2508 2379 2628 in-⁸

763 2667 963 2788 cedentes,
984 2665 1023 2744 in
1040 2665 1205 2744 ossicula
1223 2664 1390 2746 incidunt
1407 2667 1760 2770 supernumeraria,
1783 2667 1904 2774 iisque
1929 2667 2089 2750 firmiter
2115 2669 2372 2750 incumbentes

764 2823 947 2931 figuntur,
977 2823 1069 2904 dum
1092 2823 1140 2904 ad
1166 2823 1355 2904 internum
1380 2823 1508 2926 potius
1537 2835 1578 2903 et
1604 2825 1843 2928 superiorem
1859 2849 2006 2904 eorum·
2017 2824 2223 2930 marginem
2240 2826 2372 2904 decur-
2603 2867 2606 2877 ·

700 3085 703 3090 Ι
764 2988 873 3078 runt,
912 2965 1069 3085 ¹externa
1102 2977 1229 3082 itaque
1263 2985 1303 3055 et
1339 2973 1460 3056 infera
1486 2987 1596 3082 parte
1624 2975 1744 3057 libera
1770 2975 1936 3082 praevia.
1968 2976 2102 3082 Itaque
2130 2977 2371 3058 nullomodo

763 3140 967 3220 ossiculum
993 3162 1065 3244 pro
1093 3161 1206 3218 osseo
1233 3136 1360 3244 aliquo
1387 3149 1529 3243 puncto
1556 3137 1787 3246 cartilaginis
1814 3125 1915 3220 illins
1942 3137 2076 3222 haberi
2093 3151 2243 3246 potest,
2274 3167 2370 3247 quae

762 3303 911 3382 demum
936 3299 984 3380 ad
1011 3299 1203 3382 anteriora
1230 3291 1410 3406 ampliata
1436 3298 1614 3407 utrinque
1632 3311 1743 3406 septo
1762 3302 1910 3404 nerium
1925 3303 2170 3410 cartilagineo
2188 3303 2371 3384 incumbit

761 3459 846 3538 loco
873 3480 941 3554 eo,
973 3480 1048 3563 quo
1067 3455 1260 3538 anteriora
1277 3466 1409 3538 versus
1429 3453 1554 3536 hiatus
1583 3455 1667 3560 ejus
1696 3457 1940 3566 terminatur,
1971 3481 2195 3562 omnemque
2219 3468 2369 3566 partem
2516 3456 2519 3464 ’

761 3612 903 3700 hancce
929 3613 1013 3691 nosi
1040 3624 1247 3694 extremam
1272 3613 1452 3718 contegit.
2193 3609 2219 3618 ''

820 3773 919 3854 Urso
955 3771 1232 3854 intestinalihus
1267 3798 1418 3881 quoque
1454 3773 1644 3856 semibus
1685 3773 1915 3870 infestetur,
1957 3773 2130 3851 Dr'stomc
2163 3714 2369 3876 hepaticam

764 3933 861 4012 llud.
883 3933 922 4011 in
938 3933 1123 4012 ductibus·
1137 3931 1286 4036 hepatis
1314 3927 1475 4008 hiliteris
1502 3942 1543 4010 et
1569 3931 1821 4037 Amplistomo
1847 3927 2014 4030 conicum
2042 3928 2146 4006 lton·
2170 3927 2207 4006 in
2227 3929 2368 4008 ventri-

762 4091 848 4172 culo
874 4090 1038 4172 secundo
1066 4090 1254 4200 tertioque
1282 4087 1465 4172 habitant.
