5628 7750
1140 773 1403 856 -83..

482 953 851 1063 ·lltraqus·=mxrillt
869 955 1001 1064 >aalide
1022 958 1624 1060 semistertitucbolsn,
1654 973 1694 1044 ct
1721 963 1875 1068 qnidam
1901 973 2069 1071 qmtuor

451 1119 686 1224 monime
711 1129 753 1206 et
779 1119 1016 1204 abinvicem
1043 1147 1251 1228 parurnpsn
1277 1122 1532 1223 dmtmfibus,
1562 1125 1723 1224 albidis,
1755 1127 1945 1224 robustis,
1974 1153 2071 1234 qno-

451 1297 535 1352 rmn
551 1274 764 1357 tumnores
781 1275 856 1356 (luo
872 1276 1119 1382 superiores,
1150 1278 1187 1356 in
1207 1301 1296 1358 osse
1313 1277 1474 1358 incisive
1490 1279 1704 1379 bmuxeati,
1743 1306 1879 1386 parum
1904 1283 2068 1367 minores

452 1431 694 1530 htcxolibus,
723 1445 765 1513 at
792 1431 993 1521 inferiores
1022 1445 1209 1542 (paloor,
1238 1435 1363 1518 canini
1390 1463 1542 1545 quorpne
1568 1439 1741 1538 dicendi,
1785 1441 2065 1548 subsequen,

451 1591 489 1670 iu
515 1591 609 1696 ipso.
628 1594 816 1674 maxillari
843 1617 931 1674 oms
960 1595 1186 1694 inconcutip
1202 1557 1497 1702 reliq-ioannes
1526 1597 1701 1682 maxillae
1727 1623 1813 1680 cum
1841 1601 2074 1705 superioris„

452 1759 531 1828 tum
557 1748 774 1848 irriexioris,
813 1754 991 1858 utrinque
1023 1749 1091 1848 13,
1122 1749 1381 1849 miserentes,
1411 1753 1493 1834 basi
1523 1755 1684 1836 inanem
1708 1755 1852 1860 juncti,
1883 1781 2071 1862 unnmqrss

451 1929 600 1996 sennan
625 1905 852 2010 perticulam
881 1906 1087 1988 offerentes
1107 1917 1286 2014 tauquam
1304 1909 1689 2006 dentato-serratam,
1719 1911 1919 1990 denticulis
1937 1921 2069 2015 poste«

451 2062 1030 2169 niuibmsenrinnnpnbus
1071 2122 1088 2136 .·

502 2247 595 2326 Pars
623 2245 955 2353 complementaris
983 2247 1158 2326 maxillae
1187 2245 1378 2328 inferioris
1406 2247 1443 2326 in
1471 2247 1672 2354 condplum
1699 2245 1956 2353 longissimum
1979 2269 2070 2350 pro«

448 2397 552 2494 silit,
583 2409 623 2479 et
650 2398 867 2479 articulatis
893 2397 940 2477 in·
959 2407 1180 2503 processum
1206 2399 1423 2505 elongatum
1450 2411 1677 2506 rectumque
1700 2369 1918 2503 posteriora
1934 2419 2067 2477 rersus

448 2562 646 2659 excurrit,
676 2570 881 2668 pennagna
904 2559 1019 2643 lorea
1046 2554 1340 2666 profundissima
1368 2563 1470 2642 inter
1494 2573 1644 2667 partcrn
1672 2561 2007 2666 supraangularem
2029 2571 2069 2638 et

448 2719 691 2801 articularcm
728 2731 816 2825 post
854 2677 1056 2826 condyluru
1085 2721 1189 2800 illurn
1218 2719 1265 2800 ad
1291 2721 1468 2800 maxillae
1495 2718 1690 2802 inferioris
1719 2717 1853 2798 faciem
1881 2717 2067 2796 internam

449 2882 573 2962 obvia.
671 2926 674 2936 ·
709 2897 713 2908 ‘
1520 2865 1524 2878 ’

501 3055 713 3142 vertebrae
748 3055 934 3160 collares,
964 3049 1143 3142 'dorsales
1178 3071 1217 3140 ct
1254 3063 1443 3142 lumbares
1480 3057 1533 3140 25
1566 3075 1835 3159 numerantur,
1875 3083 2011 3165 nempe
2040 3057 2066 3139 7

448 3217 635 3316 collares,
678 3215 725 3300 17
761 3217 939 3299 dorsales·
966 3229 1006 3300 et
1047 3215 1063 3300 1
1101 3215 1307 3317 lumbaris,
1331 3212 1614 3299 'accedentibus
1643 3204 1846 3323 praeterea
1874 3219 1922 3300 ad
1949 3219 2068 3299 oasa

373 3465 376 3474 .
449 3371 680 3474 annualibus,
710 3386 750 3455 et
777 3375 991 3456 numerosis
1018 3373 1250 3455 sandalibus
1337 3387 1341 3404 '

501 3557 535 3640 Ε
561 3559 762 3640 collaribus
790 3557 865 3640 sslis
893 3573 971 3641 tres
1000 3558 1228 3697 anteriores,
1258 3569 1417 3666 praeter
1444 3561 1639 3658 atlantem,
1669 3559 1770 3639 ab''
1747 3585 1793 3638 ns
1823 3555 1945 3638 forma
1963 3582 2068 3638 rece-

448 3719 613 3820 dentem,
643 3722 929 3822 nonobstante,
960 3683 1163 3827 processus
1192 3721 1369 3830 spinosos
1388 3717 1608 3826 superiores
1627 3720 1814 3819 excultos,
1846 3717 2066 3826 similesque

449 3860 646 3958 inferiores
674 3887 830 3982 gerunt3
860 3877 992 3982 quinta
1009 3900 1101 3956 vero
1125 3869 1297 3974 collaris,
1327 3888 1436 3956 sexta
1462 3888 1503 3955 et
1529 3875 1692 3982 septima
1719 3868 1908 3981 longiores
1927 3873 2068 3954 sensim

447 4045 574 4113 costas
597 4032 749 4183 ligarat,
788 4033 939 4181 priores
974 4032 1066 4111 duas
1095 4032 1313 4128 breviores,
1353 4041 1393 4111 at
1420 4030 1604 4126 latiores,
1645 4027 1799 4109 tertiam
1826 4031 2065 4136 elongatam,

448 4185 650 4284 deflexam,
690 4214 734 4267 ac
768 4165 944 4282 tenuem,
982 4163 1062 4289 jam
1098 4163 1252 4264 omnino
1288 4153 1555 4314 conferendam
1582 4208 1669 4262 cum
1694 4197 1803 4262 costa
1833 4185 2066 4292 insequentis

449 4317 648 4423 vertebrae
675 4330 821 4456 primae
848 4337 1034 4438 dorsalis,
1064 4337 1133 4420 ad
1139 4364 1182 4420 os
1208 4339 1328 4458 sterni
1355 4337 1561 4420 deflexa
1526 4364 1639 4448 arque
1667 4335 1789 4418 affixa.

501 4531 685 4648 Dorsoles
704 4527 913 4665 vertebrae
940 4483 1068 4654 paullo
1104 4526 1269 4643 majores
1305 4537 1345 4606 et
1373 4526 1530 4606 latiores
1556 4524 1785 4622 collaribus,
1822 4526 2066 4663 processibus

448 4692 654 4810 praecipue
687 4656 851 4825 spiposis
888 4687 1150 4796 superioribus
1187 4697 1388 4783 notantur,
1437 4681 1681 4764 interioribus
1719 4683 1830 4763 ah
1806 4710 1852 4764 us
1889 4686 2063 4768 omuibus

448 4824 690 4948 absentibus3
726 4871 933 4955 omnesque
960 4855 1086 4926 costas
1115 4855 1268 4967 gerunt,
1300 4844 1450 4953 priores
1478 4867 1564 4924 cum
1590 4854 1755 4952 quatuor
1782 4845 2067 4954 cartilaginibus

447 4968 678 5094 statualibus
706 5007 943 5114 conjunctas,
974 5007 1114 5086 sensim
1142 5006 1345 5117 longiores,
1377 5005 1619 5088 intermedias
1647 5005 1734 5087 dein
1761 5017 1852 5116 post
1879 5033 1944 5088 eas
1972 5008 2064 5090 sitas

448 5130 709 5272 longissimas3
748 5177 789 5246 at
823 5163 968 5244 decima
996 5164 1173 5244 vertebra
1208 5161 1370 5242 dorsalis
1406 5187 1566 5270 eamque
1593 5164 1837 5274 insequentes
1864 5165 2061 5247 breviores

448 5326 589 5410 sensim
622 5336 751 5453 costen
784 5323 947 5421 habent,
988 5325 1159 5456 incurvas
1187 5324 1405 5456 posteriora
1431 5348 1591 5426 versus,
1630 5337 1671 5408 et
1699 5338 1823 5408 rectas
1851 5339 2065 5437 postremas

448 5513 493 5615 ac
520 5443 724 5600 breves

452 5671 697 5778 ·thllarl'³
715 5581 895 5779 uertebra
909 5669 1086 5774 solitaria
1096 5609 1288 5774 processu
1305 5679 1523 5770 transuerso
1528 5669 1701 5776 spinoso
1716 5679 1839 5768 recto,
1870 5668 2065 5766 aspriora

447 5853 659 5940 parumper
678 5839 898 5941 spectante,
928 5837 969 5910 at
995 5827 1097 5911 arula
1122 5838 1233 5913 costa
1258 5825 1427 5908 excellit

452 6072 457 6086 -
500 6001 933 6105 tormentabas,
961 6008 1197 6114 illapsura
1224 6007 1412 6104 minores,
1451 6005 1680 6092 transversis
1705 6003 1953 6112 processibus
1982 6005 2065 6088 lou*

446 6174 625 6282 gmeimin
648 6173 773 6280 inepta¹
795 6183 972 6254 extrem
991 6181 1119 6274 parte
1139 6168 1309 6252 dilatatis
1331 6179 1533 6268 notantur,
1572 6190 1644 6274 pro
1671 6190 1762 6250 osse
1785 6165 2061 6254 iliumibitlom
2181 6182 2184 6188 ’

446 6334 682 6441 onnam.
730 6348 734 6359 ·
