5628 7750
1440 898 1730 978 -ldi-

779 1082 885 1162 striis
922 1077 1017 1159 5-6
1053 1077 1385 1187 longitudiualibus
1421 1093 1575 1182 notata,
1615 1085 1654 1164 in
1686 1083 1893 1166 collaribus
1922 1086 2042 1165 scutis
2071 1053 2394 1188 distinctionibus,

780 1242 1071 1350 approximatis,
1102 1239 1257 1322 alternis
1285 1266 1370 1321 cum
1399 1243 1710 1324 antecedentibus
1738 1255 1779 1323 et
1805 1241 1951 1347 passim
1978 1241 2278 1344 confluentibus,
2309 1247 2398 1326 reli·

701 1405 703 1410 ’
779 1431 939 1512 quorum
966 1429 1059 1486 vero
1095 1415 1377 1509 postremorum
1413 1405 1748 1510 pellucidioribus‚
1790 1405 1911 1484 minus
1950 1407 2092 1514 nigris,
2131 1407 2393 1506 subevenidis,

779 1568 899 1646 series
927 1567 1202 1674 quodammodo
1230 1567 1519 1674 longitudinales
1539 1565 1851 1666 coiifficientibus,
1883 1568 1930 1648 ad
1948 1579 2150 1676 utrumque
2168 1569 2396 1675 praesertim

779 1723 989 1804 abdominis
1017 1723 1114 1802 latus
1141 1727 1443 1804 distinctionibus
1472 1725 1601 1806 lesciis
1631 1727 1767 1808 obviis.

831 1908 958 1990 Gauda
984 1908 1220 2006 tenuissima,
1251 1933 1369 2013 supra
1395 1932 1480 1988 cum
1508 1908 1622 1988 dorso
1650 1911 1853 2008 concolor,
1885 1911 2018 1990 subtus
2047 1911 2186 2010 albida,
2217 1910 2395 1990 immacu-

779 2064 870 2162 lata,
900 2061 1078 2181 utrinque
1108 2058 1224 2141 lascia
1252 2059 1356 2166 nigra
1384 2060 1646 2166 longitudinali
1674 2062 1721 2144 ad
1748 2062 1889 2143 caudae
1916 2088 2037 2169 usque
2064 2063 2211 2168 apicem
2238 2062 2364 2143 ducta.

830 2218 1009 2326 Proxime
1036 2242 1084 2322 ad
1110 2239 1183 2320 hoc
1201 2265 1318 2346 genus
1336 2240 1484 2320 accedit
1505 2239 1729 2358 Coelopeltr's
1748 2239 1925 2348 (Colch.)
1957 2240 2235 2347 quadrilioeato
2262 2241 2390 2338 Pau,

778 2405 816 2482 in
852 2401 982 2506 caspia
1008 2424 1075 2478 ora
1103 2399 1291 2478 orientem
1317 2423 1449 2478 versus
1478 2424 1629 2506 quoque
1658 2401 1798 2498 obvia,
1842 2401 1875 2480 si
1906 2400 2067 2482 Coluder
2093 2400 2392 2510 (Taphrometo-

773 2557 879 2668 pon)
905 2556 1101 2638 lineolotos
1128 2554 1280 2682 Braodt
1308 2551 1355 2668 (¹⁹)
1384 2555 1484 2636 idem
1511 2566 1571 2636 est
1583 2615 1594 2654 ,
1624 2557 1798 2664 species,
1828 2583 1942 2664 mam
1968 2559 2051 2665 ipse
2079 2584 2154 2638 non
2181 2557 2269 2640 vidi.

826 3387 955 3470 Minus
981 3383 1142 3491 denique
1168 3381 1362 3464 numerosi
1389 3380 1595 3462 Botroclir'
1618 3385 1656 3464 in
1682 3381 1897 3490 regionibus
1916 3383 2032 3464 variis
2052 3383 2388 3490 caspiocaucasiis

775 3549 993 3637 occurrunt,
1024 3537 1200 3644 interque
1217 3560 1286 3616 eos
1305 3533 1445 3643 Hylae,
1475 3535 1639 3644 Rusones
1666 3537 1868 3644 ranaeque
1896 3537 2046 3618 vocales
2064 3548 2106 3617 et
2122 3537 2271 3620 alacres
2288 3538 2389 3622 baud

774 3729 885 3785 rarae
920 3703 1091 3812 quidem,
1130 3712 1172 3782 at
1198 3699 1477 3780 Solamoodroe
1511 3700 1754 3810 Tritonesque
1788 3727 1813 3782 a
1845 3700 1994 3782 nemine
2028 3699 2222 3809 bucusque
2249 3687 2389 3783 ibidem

773 3863 900 3962 visae3
938 3862 977 3940 in
1010 3859 1186 3940 sancasio
1223 3857 1375 3964 quidem
1412 3857 1548 3938 itinere
1582 3857 1788 3938 narrabant
1823 3856 1915 3938 mibi
1942 3857 2159 3962 complures
2185 3855 2388 3940 Cacbetiae

774 4017 936 4112 incolae,
953 4013 1088 4094 obvios
1099 3978 1100 3982 Ν
1112 4036 1199 4092 esse
1213 4012 1252 4092 in
1266 4011 1423 4092 lacubus
1436 4012 1484 4092 ad
1498 4011 1632 4094 urbem
1646 4013 1837 4096 Telavium
1862 4013 2035 4097 Tritones
2053 4013 2304 4122 semipedales
2321 4027 2388 4096 aut

773 4180 871 4288 ipsi,
901 4178 939 4257 ni
968 4176 1103 4274 fallor,
1141 4173 1411 4284 Hypocltlom'
1436 4167 1501 4288 (*)
1528 4175 1739 4258 simillimas
1780 4177 1964 4293 bestiolas
2005 4177 2223 4286 aquaticas3
2262 4184 2388 4259 tamen

772 4335 974 4443 equidem,
1017 4329 1160 4437 piscari
1195 4356 1260 4411 eas
1302 4356 1508 4439 perperam
1551 4333 1729 4434 studens,
1781 4335 1920 4418 nnllam
1965 4335 2050 4442 cepi
2095 4333 2258 4440 ideoque
2300 4333 2386 4418 aliis

771 4509 930 4580 naturae
957 4493 1120 4576 curiosis
1147 4491 1290 4573 hancce
1318 4515 1399 4573 rem
1425 4489 1632 4576 dilucidare
1659 4495 1845 4604 relinquo.

1300 4951 1440 5034 HYLA
1467 4951 1667 5034 VlllIDIS
1700 4952 1850 5035 mun.

1359 5252 1473 5332 aona
1500 5253 1661 5334 arborea
1688 5251 1791 5336 Poll.

1359 5407 1464 5515 Hyla
1491 5407 1654 5504 arboreo
1681 5423 1781 5495 auct.
1820 5499 1823 5506 ‚

682 5679 686 5688 ⁷
796 5711 932 5820 ¹llaud
958 5735 1047 5824 raro
1076 5712 1114 5790 in
1140 5708 1366 5806 nemorosis,
1396 5707 1564 5788 salicetis
1581 5705 1630 5788 ad
1646 5709 1805 5816 Volgam
1824 5705 2058 5807 inferiorem,
2088 5733 2211 5816 prope
2229 5709 2380 5792 llislaer

768 5875 925 5972 urbem,
968 5873 1006 5952 in
1046 5871 1193 5968 bortis,
1237 5869 1283 5948 ad
1322 5866 1463 5975 Cyrum
1502 5893 1673 5962 mem.
1695 5869 1759 5998 .i¹¹-
1791 5868 1946 5951 Persiae
1986 5870 2149 5977 deniqne
2184 5872 2379 5976 provincia

767 6029 1102 6118 Maeanderanensi
1128 6039 1169 6109 et
1196 6027 1286 6110 alibi
1313 6026 1480 6109 obvenit.

807 6438 851 6532 (⁸)
872 6437 913 6507 V.
938 6459 1007 6525 pag.
1036 6433 1112 6503 137.

807 6557 866 6649 (“)
887 6555 1034 6625 llaisoin
1055 6560 1089 6624 d.
1112 6553 1250 6622 Kaukas.
1274 6549 1370 6620 durh.
1395 6576 1420 6618 1.
1443 6551 1501 6620 Bd.
1524 6550 1558 6619 2.
1584 6573 1658 6640 pag,
1678 6549 1759 6627 389.
