5628 7750
1137 761 1400 846 -85-

454 959 622 1062 porticos
638 905 964 1050 construantilms,
990 949 1347 1056 quaeoonsimilem
1365 948 1519 1035 omnino
1529 944 1879 1030 confornationem
1894 943 2073 1042 offerrant,

457 1117 611 1224 dempto
629 1111 1087 1223 magnitudineomnimn
1109 1113 1256 1192 ossium
1284 1110 1404 1190 multo
1431 1109 1601 1208 minorc3
1631 1109 1671 1188 in
1687 1107 1981 1188 ceteris-eadem
1996 1105 2079 1188 exie

457 1272 616 1374 ganeum
643 1265 849 1372 digitorum
874 1262 1067 1371 longitudo
1096 1261 1272 1366 idemqa'a
1298 1283 1476 1340 numerus
1503 1257 1733 1364 phalangam
1758 1254 2075 1364 singulisd'gitis,

458 1415 580 1524 qualis
622 1414 662 1494 in
696 1413 1022 1507 Psammosouro;
1062 1409 1211 1491 scilicet
1251 1409 1290 1488 in
1325 1407 1461 1488 enticis
1497 1407 1658 1513 pedibus
1694 1427 1853 1486 numero
1894 1415 2079 1512 augemur

457 1576 666 1684 phalanges
703 1577 791 1661 inde
825 1603 848 1656 a
883 1573 1046 1679 pollice,
1085 1572 1147 1657 cui
1173 1573 1270 1655 usse
1297 1571 1462 1667 adsunt,
1479 1568 1693 1676 insequenti
1718 1567 1799 1673 jam
1826 1565 1944 1674 digito
1973 1578 2075 1665 tres,

461 1733 575 1816 tortio
594 1743 772 1840 quatuor,
802 1741 843 1810 at
860 1741 1003 1837 quarto.
1018 1729 1200 1837 quinquo,
1231 1727 1365 1834 (ιιιίιιιο
1382 1727 1544 1833 denique
1563 1725 1701 1808 iterum
1720 1737 1815 1806 tres.
1846 1721 1909 1806 Sic
1927 1748 2078 1831 quoque

458 1897 618 2002 posticia
652 1895 815 2002 pedibus
850 1893 988 2000 singoli
1023 1892 1130 2000 digiti
1158 1890 1356 1998 aequabili
1392 1888 1645 1995 proportione
1679 1885 1728 1968 od
1755 1895 1933 1992 quartum
1958 1907 2079 1992 usquo

459 2061 649 2166 longiores
684 2059 847 2140 eredunt
881 2069 922 2139 et
957 2055 1164 2164 phalanges
1201 2077 1357 2134 numero
1391 2007 1633 2146 increscunt,
1670 2067 1746 2154 quo
1773 2043 1840 2143 fit,
1878 2056 1922 2128 ut
1948 2043 2079 2149 pollici
2156 2030 2160 2038 ’

458 2219 583 2299 adsint
609 2218 720 2316 duae,
751 2217 965 2326 insequenti
993 2217 1112 2324 digito
1140 2226 1233 2312 tres,
1265 2214 1381 2294 tertio
1409 2224 1588 2320 quotuor,
1619 2219 1757 2317 quarto
1776 2232 1868 2292 vero
1896 2205 2075 2314 quinque,

459 2390 500 2460 at
517 2379 809 2486 quintoiteram
827 2391 922 2478 tras,
944 2380 1067 2484 isque,
1098 2376 1199 2484 qued
1218 2376 1257 2454 in
1274 2375 1409 2457 enticis
1428 2375 1590 2480 pedibus
1607 2395 1761 2480 quoque
1778 2373 1893 2470 solet,
1913 2371 2081 2460 omnium

457 2537 703 2620 brevissimas
731 2538 804 2636 rit,
844 2537 994 2620 etiamsi
1022 2561 1066 2616 os
1093 2535 1178 2640 ejus
1206 2534 1426 2631 metatami,
1452 2543 1679 2614 cunctorum
1706 2529 1867 2610 aliorum
1895 2529 2080 2611 rolrrrstis'·

459 2701 617 2799 rimum,
656 2715 702 2784 et
724 2701 923 2799 inllexom,
950 2703 1012 2781 ad
1040 2701 1194 2780 modum
1221 2700 1323 2780 illius
1352 2699 1390 2778 in
1418 2699 1733 2793 Pramnosooro,
1770 2719 1856 2777 cum
1881 2696 1968 2778 aliis
1994 2693 2080 2798 jun·

460 2870 581 2965 gutur.
757 2865 766 2875 '

564 3355 1038 3445 PHRYNOCEPHALUS
1065 3353 1488 3439 CAUDIVOLVULUS
1515 3356 1561 3436 N.
1594 3357 1685 3438 Tre.
1704 3383 1767 3438 xa.
1786 3357 1866 3438 Fra.
1880 3356 1918 3436 6.
1934 3355 1971 3433 7.

846 3483 850 3493 ¹
885 3519 888 3524 ·
1051 3491 1141 3571 Tre.
1162 3517 1238 3570 ιιιι.
1255 3491 1336 3572 Fro.
1355 3490 1488 3572 9-tt.

939 3809 1104 3890 Lacerta
1132 3809 1392 3910 coudiooloula
1420 3780 1523 3890 Pau

624 4069 629 4082 ι
732 4045 735 4050 .
801 4056 846 4072 ,,
938 3969 1082 4074 Apama
1118 3971 1279 4077 ocellota
1315 3968 1436 4053 n'ctr.

938 4121 1033 4200 Ptr.
1055 4121 1286 4204 reticulatus
1313 4147 1361 4202 m.
1395 4123 1429 4202 Z
1431 4125 1504 4200 ool.
1536 4150 1636 4232 spec.

515 4398 762 4536 variegatus,
799 4455 821 4508 e
856 4425 1169 4525 rulo-cinereus,
1209 4429 1348 4526 locris,
1385 4431 1543 4510 maculis
1571 4429 1746 4512 ocellatis
1773 4427 1858 4509 eliis
1886 4427 2084 4510 coeruleo-
2132 4489 2134 4492 -

460 4587 593 4695 griseis
605 4646 617 4684 ,
648 4586 732 4668 aliis
751 4583 1019 4682 rulo-flavidis,
1050 4585 1419 4691 nigro-marginatis,
1450 4585 1665 4668 interstitiis
1687 4583 1784 4664 >rufis
1812 4583 1985 4683 canisve,
2016 4610 2084 4691 ap·

461 4749 707 4856 proximatis,
738 4715 898 4854 pedihus
926 4745 1121 4854 caudaque
1147 4748 1282 4828 subtus
1311 4747 1427 4828 rubra
1449 4729 1775 4855 'nigro-fasciatis3
1805 4747 1953 4832 inferne
1976 4751 2079 4832 eral-

459 4911 586 4994 bidus.

513 5064 614 5148 Hah.
645 5045 685 5146 in
711 5045 984 5166 orientalio'ra
1010 5065 1132 5172 caspii
1160 5065 1293 5162 maris,
1330 5065 1378 5146 ad
1411 5066 1535 5146 sinum
1568 5065 1860 5147 balchanensem
1894 5075 1934 5148 et
1961 5067 2084 5148 lacum

459 5212 695 5326 arrlenscm,
725 5227 888 5336 indeque
915 5228 963 5306 io·
980 5227 1083 5307 omni
1101 5227 1254 5309 deserto
1274 5227 1438 5308 taterico
1456 5227 1495 5307 in
1513 5239 1723 5310 extremam
1739 5255 1861 5337 usque
1881 5229 2081 5330 Sibiriam3

461 5389 501 5510 io
528 5386 710 5494 Armenia¹
734 5411 887 5494 quoque
914 5385 1063 5466 obvius.

515 5560 702 5669 Squamae
738 5562 908 5644 dorsalcs
945 5561 1241 5660 minutissimae,
1281 5561 1542 5662 laevissimae,
1585 5590 1656 5669 per
1691 5563 1810 5646 series
1848 5576 2082 5644 transversas

462 5719 694 5824 dispositae,
734 5717 992 5802 abdominales
1029 5734 1237 5826 parumper
1272 5721 1463 5826 majores,
1503 5721 1749 5802 transversim
1781 5731 1821 5801 et
1853 5719 2008 5826 oblique
2036 5721 2084 5801 ad

462 5875 584 5956 latera
620 5877 740 5974 sitae,
780 5898 856 5955 non
890 5875 1106 5975 camnetae3
1145 5887 1261 5982 caput
1296 5878 1557 5982 granulosum,
1595 5875 1799 5974 tumidum,
1836 5875 2081 5980 depressum,

438 6032 618 6138 ,regione
654 6031 809 6110 orbitali
845 6031 1082 6136 prominula,
1127 6031 1218 6111 tecti
1259 6031 1381 6111 instar
1418 6031 1551 6111 oculos
1592 6041 1840 6136 contegente,
1883 6030 2083 6134 elongatae

462 6187 693 6292 palpebrae,
726 6184 865 6266 reflexo
893 6187 1061 6292 margine
1079 6187 1258 6284 dentato,
1289 6187 1538 6296 prolongato,
1568 6210 1678 6268 nores
1699 6181 1882 6268 frontales
1900 6211 1976 6266 non
1994 6211 2086 6292 pro-

463 6344 646 6439 minens,
685 6341 785 6428 lou
819 6343 989 6449 squsme
1008 6343 1152 6448 *pun
1184 6309 1394 6446 majorissa
1420 6354 1617 6440 comen,
1653 6345 1796 6424 esuum
1822 6343 1922 6448 pros
1949 6345 2086 6424 coum

604 6495 774 6552 Ercnwann
793 6497 881 6550 Fauo.
902 6513 978 6572 casp.
999 6515 1078 6551 canc.
1593 6533 1596 6542 ι
1907 6505 1941 6554 ut
