5582 7752
990 1618 1064 1715 11.
1118 1615 1214 1713 nu
1240 1613 1523 1714 nvrnus

496 2173 721 2251 Innumerae
747 2135 876 2248 Aaron
912 2193 1044 2276 greges
1073 2169 1279 2248 Caucasum
1319 2168 1516 2272 vicinaque
1555 2167 1698 2246 devexa
1720 2153 1766 2244 ¹et
1791 2162 1977 2262 maritima
2005 2163 2060 2240 in·

431 2333 586 2430 colunt,
617 2331 761 2438 insigni.
782 2357 913 2412 earum
941 2331 977 2410 vi
1005 2301 1206 2436 quotannis
1234 2353 1282 2407 er
1309 2335 1441 2406 austro
1457 2337 1498 2406 et
1517 2324 1652 2404 amari
1670 2323 1891 2421 advolante;
1922 2322 2060 2403 inuni-

278 2547 288 2565 .
437 2489 595 2574 'versum
623 2500 748 2568 tamen
775 2489 873 2568 aliae
901 2487 1087 2567 Volucres
1111 2485 1265 2594 ,deserta
1292 2507 1475 2581 arenosa,
1505 2481 1604 2563 aliae
1631 2481 1841 2578 maritima,
1872 2481 1969 2562 aliae
1996 2482 2081 2562 de·
2181 2551 2191 2582 ,

400 2727 404 2732 .
444 2645 605 2751 denique
633 2646 708 2726 ima
735 2645 919 2724 montium
945 2645 1006 2724 vel
1043 2667 1197 2724 summa
1219 2641 1428 2721 eorundem
1462 2639 1552 2746 juga
1588 2639 1768 2718 incolrmt.
1806 2623 1897 2744 Ipse
1933 2623 2079 2744 itaquo
2212 2679 2217 2690 .

301 2911 303 2914 Ι
443 2802 632 2884 Caucasus
668 2802 760 2882 alias
798 2801 915 2882 habet
951 2791 1064 2906 quam
1091 2809 1199 2880 vasta
1226 2795 1355 2902 caspii
1392 2795 1506 2874 maris
1535 2794 1686 2890 littora,
1730 2819 1829 2900 quae
1855 2792 2061 2874 Causarum

444 2947 710 3062 Rosorumque
738 2979 876 3062 genere
904 2953 1021 3034 vario.
1038 2951 1223 3033 ditissima
1245 2951 1423 3058 quidem,
1455 2950 1698 3072 conspicuam
1724 2955 1851 3028 tamen
1878 2947 2063 3030 Grallato·

374 3079 379 3090 ⁸
436 3144 527 3214 ,rum
554 3131 593 3199 et
620 3119 844 3198 Natetorum
871 3117 1023 3221 copiam
1050 3118 1168 3214 alum,
1199 3107 1315 3222 quum
1333 3114 1616 3220 Ambuletores,
1638 3111 1844 3200 Scansores
1863 3122 1902 3191 et
1918 3109 2062 3222 Rapta-

446 3291 549 3362 tores
587 3283 750 3387 sylvosa,
778 3281 907 3385 potiu's
944 3291 985 3361 et
1020 3291 1195 3386 montosa
1222 3279 1389 3358 incolant
1416 3275 1634 3384 magnisque
1661 3279 1836 3385 gregibus
1865 3279 1904 3356 in
1929 3245 2062 3406 dissita

296 3413 301 3424 ⁵
445 3429 529 3508 loca
557 3429 728 3536 migrent.

497 3587 529 3664 E
567 3587 798 3680 Sccnsorum
824 3587 968 3667 vordine
1003 3587 1118 3692 primi
1154 3585 1246 3664 Pici
1280 3585 1500 3666 recensendi
1537 3537 1645 3683 sunt,
1686 3597 1727 3665 ut
1764 3585 1813 3664 P.
1845 3609 1961 3696 cunas
1988 3579 2059 3680 L,

306 3734 309 3738 ’
447 3744 670 3850 tridcctylns
698 3744 761 3839 L.,
791 3739 927 3822 or'ridis
955 3743 1018 3837 t„
1048 3714 1172 3822 maner
1199 3741 1261 3838 L,
1292 3741 1433 3848 aliique
1462 3741 1500 3818 in
1521 3737 1684 3828 ,Caucasi
1711 3741 1865 3822 devexis
1883 3741 2060 3847 sylvosis,

348 3901 353 3908 '
445 3901 500 3980 cis
528 3911 569 3998 et
594 3902 696 3980 ultra
719 3898 968 4005 jugumejus,
999 3897 1047 3978 ad
1065 3896 1203 4003 Cyrum
1221 3907 1261 3977 et
1279 3895 1503 3976 Alazonium
1521 3879 1664 3994 amnes,
1696 3897 1734 3976 in
1753 3896 2063 4002 Persiamusque

445 4057 645 4162 degentes,
682 4082 800 4163 porro
836 4057 946 4136 l'anc
974 4054 1152 4160 torqnilto
1179 4054 1222 4133 L.
1254 4065 1294 4134 et
1324 4053 1486 4134 caculas
1514 4080 1678 4133 canorus
1705 4053 1750 4132 L.
1783 4051 2062 4162 frequentiores

446 4213 611 4317 quidem,
641 4215 688 4292 ad
715 4171 914 4316 utramque
932 4209 1090 4289 Caucasi
1118 4209 1374 4288 declivitatem
1401 4187 1624 4313 montesque
1637 4210 1800 4289 altiores
1817 4210 2059 4290 adscendunt.

479 4361 691 4467 ,Imprimis
737 4385 827 4442 vcro
863 4361 1139 4441 toletanorum
1182 4359 1276 4438 ordo
1313 4345 1525 4440 numerosis
1561 4358 1713 4439 excellit
1747 4359 1970 4466 speciebus3
2009 4361 2063 4440 sic

447 4527 583 4606 alcedo
612 4513 737 4632 iapida
755 4523 810 4602 L.
830 4535 870 4603 et
897 4523 1053 4632 Merops
1082 4523 1253 4632 apiaster
1270 4521 1313 4600 L.
1347 4523 1394 4602 ad
1422 4522 1529 4601 littus
1557 4525 1671 4604 maris
1699 4491 1996 4629 septentrionale
2024 4538 2064 4606 et

447 4684 694 4781 occidentale,
725 4683 930 4789 praecipue
958 4683 1187 4761 australiora
1215 4651 1367 4786 sylvosa
1386 4679 1531 4777 incolit,
1561 4681 1627 4759 ubi
1646 4704 1798 4788 quoque
1817 4681 1873 4764 M.
1890 4682 2063 4790 persicus
2102 4739 2105 4744 -

448 4841 548 4918 Pau.
563 4943 567 4954 q
580 4839 747 4920 obvenit.
779 4837 824 4914 ln
852 4836 1049 4918 occidente
1077 4837 1123 4916 ad
1152 4836 1315 4916 Pontum
1343 4836 1455 4915 aeel.
1488 4836 1712 4916 Nordmunn
1727 4833 1773 4943 (')
1803 4839 1939 4915 alcedo
1957 4837 2063 4916 rudis

371 5045 375 5054 ·
447 5008 486 5074 et
514 4994 619 5074 Silta
646 4995 801 5100 syriaca
828 5004 1186 5073 commemorantur.

500 5152 605 5230 Adde
633 5151 738 5231 bisce
758 5150 1043 5231 Trclodromam
1061 5150 1266 5230 muralium
1291 5151 1371 5245 ln,
1406 5151 1597 5232 Certlr'um
1620 5151 1928 5258 familiaremL,
1963 5154 2064 5260 Upe-

410 5329 534 5416 pum
562 5307 807 5418 epopcmL,
848 5309 1058 5414 Sullamque
1095 5309 1430 5416 europuecmL.
1421 5334 1459 5405 ru
1486 5309 1775 5417 septentrionali
1802 5335 1870 5388 ora
1898 5323 1938 5392 et
1965 5313 2064 5398 occi-

448 5466 601 5600 dentali,
633 5467 793 5587 indeque
821 5431 868 5546 ad
896 5464 1035 5572 Cyrum
1061 5491 1209 5548 amnem
1236 5467 1275 5546 in
1301 5436 1468 5548 lberiam
1495 5493 1613 5572 usque
1641 5492 1663 5546 a
1690 5493 1750 5548 me
1779 5435 1998 5548 observatas
2026 5480 2065 5546 et
2152 5444 2155 5452 ’

449 5617 487 5698 in
505 5621 729 5756 quibusdam
748 5619 947 5700 maritimis
969 5619 1184 5728 regionibus
1213 5645 1442 5728 magnopere
1460 5621 1604 5726 passim
1621 5581 1867 5732 abundantes.
1900 5619 2064 5700 Sturnos

448 5779 534 5874 dein
555 5806 602 5856 ou
603 5777 722 5884 tyaris
750 5775 795 5856 L.
836 5780 1195 5884 septentrionalem
1191 5781 1338 5887 potius
1366 5755 1532 5860 Caucasi
1552 5779 1821 5878 declivitatem,
1852 5791 1891 5859 at
1919 5781 2064 5860 Pastor

449 5964 577 6016 roseus
602 5937 736 6016 Temm.
768 5939 996 6018 australiora
1023 5939 1174 6021 lbcriae
1203 5924 1479 6047 Armeniaeque
1507 5937 1650 6043 diligit,
1683 5938 1771 6020 inde
1790 5965 1941 6046 quoque
1960 5940 2062 6018 ocei-

449 6097 637 6176 dentalem
674 6097 788 6176 oram'
818 6095 1059 6204 frequentans
1097 6109 1137 6176 et
1172 6100 1218 6176 ad
1246 6097 1401 6184 Tanaim
1429 6097 1660 6202 Volgamque
1699 6109 1826 6178 amnes
1862 6097 2061 6194 advolans,

493 6446 534 6535 (l
560 6445 596 6510 1¹1
621 6447 668 6510 A·
696 6439 877 6537 De'midoff,
901 6469 1016 6536 voyage
1038 6451 1115 6518 dans
1130 6451 1158 6512 la
1174 6446 1284 6512 Rossie
1308 6449 1506 6512 meridionale
1529 6469 1598 6531 pag.
1621 6443 1653 6510 7.
1774 6421 1776 6426 Ι
1887 6501 1891 6508 ,

558 6593 730 6648 Ercnwnrm
758 6593 855 6668 'Facu
877 6587 954 6666 casp.
974 6559 1051 6648 caue.
1558 6569 1561 6574 ’
1895 6561 1898 6568 ’
