5524 7750
931 952 934 962 ι
1069 899 1360 998 ς-109-

454 1083 665 1192 Longitudo
694 1084 812 1165 totius
839 1083 1014 1191 corporis
1041 1086 1068 1166 2
1095 1085 1182 1191 ped.
1205 1083 1230 1164 6
1248 1085 1361 1190 poll,
1391 1085 1510 1169 cauda
1527 1086 1608 1166 sola
1625 1085 1672 1166 ad
1691 1083 1715 1164 *l
1732 1083 1826 1190 poll.
1847 1083 2015 1181 accedit;

404 1241 564 1323 latitudo
592 1241 730 1346 capitis
758 1241 860 1322 inter
886 1242 1017 1322 oculos
1045 1238 1124 1332 37.
1151 1241 1242 1340 lim,
1272 1242 1311 1320 in
1338 1243 1504 1348 occipite
1532 1241 1557 1322 6
1584 1243 1649 1321 lin.

454 1397 563 1530 llaec
599 1397 727 1506 itaque
764 1398 912 1504 species
949 1423 1054 1478 mera
1090 1399 1254 1479 variatas
1296 1398 1547 1508 Tropidoooti
1578 1397 1754 1480 Nutricis
1787 1400 1894 1506 nigra
1934 1411 2015 1496 est,

269 1621 271 1625 -
402 1557 512 1664 cujus
549 1560 697 1642 scilicet
731 1571 822 1640 nota
858 1559 1164 1640 constantissima
1199 1561 1410 1640 abdominis
1446 1561 1552 1666 nigro
1586 1561 1749 1670 alboque
1783 1563 1953 1642 tesselati
1981 1563 2019 1642 in
2058 1669 2063 1681 .

274 1721 280 1729 '
404 1715 470 1796 illa
496 1740 648 1823 quoque
675 1714 996 1822 deprehenditur;
1033 1713 1167 1796 modus
1193 1714 1355 1822 denique
1383 1715 1531 1797 urendi
1557 1714 1796 1822 amphibius,
1836 1717 1874 1796 in
1900 1715 2020 1798 flumi-

404 1869 536 1963 nibus,
575 1867 732 1948 lacubus
768 1890 838 1948 nec
875 1891 951 1947 non
983 1865 1178 1972 paludosis
1212 1865 1508 1946 nitroso-salsis
1544 1865 1582 1944 in
1617 1878 1817 1974 utramque
1853 1867 2020 1974 speciem

406 2033 578 2139 quadrat.

457 2189 544 2268 Alia
568 2187 655 2269 dein
682 2185 795 2290 hujus
824 2185 988 2267 varietas
1007 2195 1067 2266 est
1095 2183 1373 2294 Τνοριῗάοποιω
1399 2181 1610 2292 elcplroides
1636 2179 1801 2260 Brcodt.
1828 2176 1876 2288 C)
1905 2180 2016 2290 (Tab.
2161 2233 2167 2248 ·

406 2373 507 2426 xxm.
538 2347 621 2452 Fig.
648 2343 681 2426 1„
702 2343 763 2454 ἓ.)
791 2371 908 2450 supra
935 2345 1140 2443 olivaoeus,
1169 2343 1304 2424 subtus
1331 2341 1500 2440 floridus,
1531 2341 1655 2422 medio
1683 2341 1883 2422 abdomine
1905 2342 2019 2448 nigris

331 2562 335 2570 ,
404 2504 548 2586 sensim
574 2503 730 2584 maculis
758 2477 956 2608 adsperso,
986 2524 1076 2580 mox
1102 2499 1321 2608 nigerrimo,
1352 2498 1474 2580 latera
1500 2507 1694 2578 scutorum
1721 2496 1874 2596 davida,
1903 2497 2022 2578 cauda

406 2658 540 2776 subtus
568 2682 616 2738 ex
644 2667 727 2736 toto
754 2656 873 2761 nigra.
1484 2615 1489 2622 ’

458 2817 580 2925 Caput
606 2819 707 2899 collo
734 2819 864 2924 paullo
892 2817 1004 2900 latius
1017 2877 1029 2916 ,
1067 2841 1179 2897 nares
1208 2816 1246 2894 in
1272 2825 1405 2894 sutura
1433 2817 1679 2897 scutellorum
1697 2815 1744 2894 ad
1764 2814 1874 2896 finem
1892 2816 2020 2896 cantbi

406 2975 579 3055 rostralis
620 2976 740 3072 sitae,
784 2973 911 3054 hiatus
948 2975 1050 3054 inter
1084 2983 1193 3053 scuta
1226 2973 1512 3053 submaxillaria
1547 2971 1775 3078 conspicuus
1787 3032 1798 3070 ,
1843 3000 2021 3081 squamae

406 3133 537 3216 notaei
553 3144 594 3215 et
612 3133 775 3216 laterum
793 3132 1002 3230 carinatae,
1032 3132 1372 3238 elongato-orales,
1402 3132 1639 3230 imbricatae,
1669 3133 1907 3234 concolores,
1936 3160 2023 3216 cum

405 3298 532 3402 capito
559 3319 725 3400 superne
744 3293 950 3392 olivaceae,
981 3293 1020 3372 in
1047 3304 1201 3374 recente
1219 3303 1306 3373 cute
1324 3292 1526 3398 nigriores,
1557 3267 2019 3398 eni'gro-cinerascsntss,

407 3449 572 3556 margine
601 3459 764 3554 utroque
791 3473 1032 3554 squamarum
1060 3446 1274 3526 lateralium
1301 3447 1462 3526 imarum
1489 3444 1616 3526 albido
1628 3505 1639 3545 ,
1662 3445 1821 3526 carinae
1848 3472 2023 3554 squama-

408 3639 491 3694 mm
516 3610 727 3692 condalium
752 3609 1019 3706 conniventes,
1048 3607 1244 3714 caudaque
1272 3606 1325 3686 ibi
1351 3605 1675 3712 acuto-anptlata.

344 3813 347 3822 '
461 3799 576 3880 Scuta
610 3795 865 3882 abdominalia
899 3821 987 3876 cum
1021 3793 1188 3902 squamis
1221 3794 1468 3901 scutellisque
1501 3793 1833 3916 submaxillaribus
1867 3795 2020 3897 davida,

407 3959 618 4056 unicolora,
647 3955 795 4061 primae
821 3955 993 4037 maculae
1017 3955 1148 4060 nigrae
1166 3955 1204 4032 in
1221 3953 1305 4034 26²⁰
1326 3965 1452 4051 scuto,
1483 3977 1528 4034 ac
1544 3951 1682 4034 dehinc
1699 3953 1841 4036 sensim
1858 3955 2024 4060 majores

406 4085 449 4204 et
473 4120 689 4203 crebriores
716 4117 808 4198 duas
835 4117 1111 4198 constituentes
1139 4115 1260 4196 series
1289 4116 1469 4196 laterales
1493 4116 1532 4194 in
1549 4116 1706 4222 singulis
1724 4118 1842 4198 scotis
1861 4143 2024 4224 moxque

408 4289 491 4358 tota
523 4288 719 4358 scutorum
751 4300 841 4382 pars
875 4273 1000 4354 media
1026 4273 1251 4378 nigerrima,
1290 4259 1492 4370 concolor,
1532 4273 1680 4354 laterali
1708 4235 2024 4382 tamen⁹utraque

407 4435 563 4535 davida3
591 4436 779 4516 abdomen
805 4435 891 4516 inde
919 4433 1231 4540 nigro-politum
1260 4433 1382 4514 cauda
1407 4433 1543 4514 subtus
1570 4434 1689 4541 nigra.

461 4587 673 4694 longitudo
708 4587 826 4666 totius
860 4585 1036 4692 corporis
1069 4579 1279 4692 bipedalis,
1316 4586 1401 4666 sola
1423 4587 1546 4668 cauda
1575 4587 1600 4667 5
1626 4588 1718 4694 poll.
1750 4585 1775 4666 3
1803 4587 1868 4666 lio.
1910 4586 2025 4672 Scuta

408 4750 630 4832 subabdom.
665 4748 761 4846 176,
791 4746 1069 4836 subornato.

458 4907 590 4991 Series
618 4933 860 5014 squamarum
885 4907 1093 4989 dorsalium
1114 4905 1180 5004 19,
1211 4906 1396 5012 gularium
1415 4906 1463 5003 l,
1495 4906 1544 5014 (l.
1565 4932 1599 4986 c.
1619 4907 1683 5014 fip.
1706 4905 1764 5014 2.)
1794 4907 1906 4990 Scuta
1934 4935 2025 4992 ocu·

408 5063 505 5144 laria
543 5085 702 5143 numero
747 5061 876 5159 varia,
919 5061 1114 5166 plerisque
1153 5085 1371 5166 supremum
1413 5061 1615 5152 maximum
1654 5061 1766 5168 eique
1806 5065 2026 5169 oppositum

325 5211 330 5234 '
409 5213 724 5320 supramaxillare
750 5213 987 5311 solitarium,
1018 5213 1090 5292 sub
1117 5214 1228 5293 oculo
1256 5214 1396 5314 situm,
1425 5215 1617 5296 anteriora
1644 5214 1743 5313 dno,
1779 5217 1924 5322 passim
1951 5219 2025 5300 tria

410 5372 579 5470 minora,
617 5381 657 5452 et
690 5370 907 5496 posteriora
942 5371 1016 5452 tria
1053 5371 1112 5452 vel
1147 5382 1313 5478 quatuor
1349 5371 1518 5468 minora,
1556 5382 1692 5480 quarto
1730 5373 1883 5454 minimo
1911 5399 2026 5480 supra

409 5542 560 5611 scutum
587 5529 901 5635 supramaxillare
927 5529 1145 5610 excedente.

466 5695 626 5776 Colubcr
653 5693 831 5804 ponticrts
856 5693 984 5790 Poll,
1021 5693 1060 5773 ni
1096 5691 1281 5792 fallimur,
1321 5691 1495 5774 similiter
1529 5691 1646 5774 etiam
1672 5691 1834 5772 varietas
1866 5691 2022 5802 Tropid.

410 5829 586 5940 Notn'cis
620 5860 665 5940 t.
695 5871 779 5960 est;
817 5859 917 5940 idem
955 5857 1035 5939 lere
1070 5883 1249 5940 numerus
1285 5867 1500 5955 scutorum,
1540 5855 1654 5938 iidem
1689 5879 1841 5964 quoque
1876 5859 2027 5940 colores
2105 5931 2108 5936 .

410 6015 608 6122 corporis,
639 6015 824 6120 imprimis
853 6038 944 6098 vero
971 6039 1151 6122 squamae
1177 6013 1391 6111 carinatas,
1421 6013 1607 6093 abdomen
1632 6013 1740 6120 nigro
1762 6013 1933 6121 flavoque
1951 6025 2028 6096 tes-

388 6169 572 6256 'selatum
599 6182 640 6250 et
666 6183 781 6277 caput
809 6170 941 6251 babitu
967 6169 1157 6268 Nutricis,
1188 6171 1274 6274 ipso
1302 6169 1475 6249 Pullosio
1503 6179 1625 6266 teste,
1656 6170 1694 6249 id
1720 6169 1957 6252 confirmant.

455 6433 497 6525 ()
520 6433 560 6500 v.
585 6433 697 6502 Bullet.
728 6437 866 6502 sciontil.
895 6441 934 6504 de
960 6435 1082 6504 1‘Acat.
1106 6441 1161 6504 des
1183 6433 1237 6504 Sc.
1263 6435 1302 6501 Τ.
1326 6459 1378 6501 ur.
1409 6431 1507 6501 1838.
1532 6433 1607 6522 Peg.
1632 6431 1718 6510 24&
1744 6433 1864 6518 specics
1885 6434 1961 6499 alias
1983 6434 2028 6498 ibi

410 6554 581 6638 descriptas
593 6563 623 6618 et
638 6554 670 6618 in
685 6551 770 6620 ldus.
786 6551 875 6620 Zool.
889 6550 988 6620 dcad.
1004 6549 1059 6621 Sc.
1071 6552 1195 6640 Petrop.
1213 6563 1351 6622 serrata
1363 6553 1549 6640 inspiciendi
1565 6552 1642 6622 mibi
1660 6573 1720 6620 noo
1736 6553 1805 6618 data
1821 6559 1865 6618 cot
1881 6559 2027 6636 polenum

519 6668 692 6728 Etcum.»
710 6671 800 6728 Fron.
820 6687 896 6747 carp.
915 6687 995 6736 cauo.
1891 6667 1925 6722 98
