<?xml version="1.0" encoding="UTF-8"?>
<!DOCTYPE html PUBLIC "-//W3C//DTD XHTML 1.0 Transitional//EN"
    "http://www.w3.org/TR/xhtml1/DTD/xhtml1-transitional.dtd">
<html xmlns="http://www.w3.org/1999/xhtml" xml:lang="en" lang="en">
 <head>
  <title>
</title>
<meta http-equiv="Content-Type" content="text/html;charset=utf-8" />
  <meta name='ocr-system' content='tesseract 3.04.00' />
  <meta name='ocr-capabilities' content='ocr_page ocr_carea ocr_par ocr_line ocrx_word'/>
</head>
<body>
  <div class='ocr_page' id='page_1' title='image "./faunacaspiocauc00eichgoog_0053.png"; bbox 0 0 5582 7752; ppageno 0'>
   <div class='ocr_carea' id='block_1_1' title="bbox 1460 867 1724 952">
    <p class='ocr_par' dir='ltr' id='par_1_1' title="bbox 1460 867 1724 952">
     <span class='ocr_line' id='line_1_1' title="bbox 1460 867 1724 952; baseline 0 -20"><span class='ocrx_word' id='word_1_1' title='bbox 1460 867 1724 952; x_wconf 76' lang='grc' dir='ltr'>..5ο-</span> 
     </span>
    </p>
   </div>
   <div class='ocr_carea' id='block_1_2' title="bbox 684 1029 2491 2278">
    <p class='ocr_par' dir='ltr' id='par_1_2' title="bbox 781 1029 2402 1332">
     <span class='ocr_line' id='line_1_2' title="bbox 781 1029 2402 1171; baseline -0.004 -28"><span class='ocrx_word' id='word_1_2' title='bbox 781 1065 906 1171; x_wconf 89' lang='lat' dir='ltr'><strong>iisque</strong></span> <span class='ocrx_word' id='word_1_3' title='bbox 933 1059 1171 1167; x_wconf 68' lang='lat' dir='ltr'><strong>antepositae</strong></span> <span class='ocrx_word' id='word_1_4' title='bbox 1198 1081 1332 1155; x_wconf 86' lang='lat' dir='ltr'><strong>nares,</strong></span> <span class='ocrx_word' id='word_1_5' title='bbox 1364 1071 1569 1164; x_wconf 82' lang='lat' dir='ltr'><strong>aperturae</strong></span> <span class='ocrx_word' id='word_1_6' title='bbox 1595 1029 1768 1164; x_wconf 75' lang='lat' dir='ltr'><strong>anaplse,</strong></span> <span class='ocrx_word' id='word_1_7' title='bbox 1805 1057 1882 1138; x_wconf 86' lang='lat' dir='ltr'><strong>lata</strong></span> <span class='ocrx_word' id='word_1_8' title='bbox 1911 1059 1994 1138; x_wconf 79' lang='lat' dir='ltr'><strong>bosi</strong></span> <span class='ocrx_word' id='word_1_9' title='bbox 2022 1059 2072 1138; x_wconf 82' lang='lat' dir='ltr'><strong>ab</strong></span> <span class='ocrx_word' id='word_1_10' title='bbox 2097 1057 2281 1138; x_wconf 79' lang='lat' dir='ltr'><strong>inferiore</strong></span> <span class='ocrx_word' id='word_1_11' title='bbox 2308 1058 2402 1138; x_wconf 86' lang='lat' dir='ltr'><strong>inci·</strong></span> 
     </span>
     <span class='ocr_line' id='line_1_3' title="bbox 782 1215 1876 1332; baseline -0.009 -28"><span class='ocrx_word' id='word_1_12' title='bbox 782 1225 953 1332; x_wconf 85' lang='lat' dir='ltr'><strong>pientes,</strong></span> <span class='ocrx_word' id='word_1_13' title='bbox 984 1245 1028 1301; x_wconf 90' lang='lat' dir='ltr'><strong>ac</strong></span> <span class='ocrx_word' id='word_1_14' title='bbox 1056 1219 1142 1300; x_wconf 87' lang='lat' dir='ltr'><strong>dein</strong></span> <span class='ocrx_word' id='word_1_15' title='bbox 1169 1216 1311 1300; x_wconf 90' lang='lat' dir='ltr'><strong>sensim</strong></span> <span class='ocrx_word' id='word_1_16' title='bbox 1336 1227 1577 1328; x_wconf 77' lang='lat' dir='ltr'><strong>attenuatae,</strong></span> <span class='ocrx_word' id='word_1_17' title='bbox 1608 1215 1876 1296; x_wconf 73' lang='lat' dir='ltr'><strong>ranunculae.</strong></span> 
     </span>
    </p>

    <p class='ocr_par' dir='ltr' id='par_1_3' title="bbox 782 1375 2491 1964">
     <span class='ocr_line' id='line_1_4' title="bbox 843 1375 2402 1489; baseline -0.008 -23"><span class='ocrx_word' id='word_1_18' title='bbox 843 1383 1043 1466; x_wconf 78' lang='lat' dir='ltr'><strong>Vertebroe</strong></span> <span class='ocrx_word' id='word_1_19' title='bbox 1055 1379 1243 1489; x_wconf 20' lang='lat' dir='ltr'><strong>,cam&#39;toles</strong></span> <span class='ocrx_word' id='word_1_20' title='bbox 1261 1389 1490 1486; x_wconf 76' lang='lat' dir='ltr'><strong>sequentes:</strong></span> <span class='ocrx_word' id='word_1_21' title='bbox 1511 1375 1692 1458; x_wconf 79' lang='lat' dir='ltr'><strong>Acustr&#39;co</strong></span> <span class='ocrx_word' id='word_1_22' title='bbox 1708 1401 1732 1458; x_wconf 89' lang='lat' dir='ltr'><strong>e</strong></span> <span class='ocrx_word' id='word_1_23' title='bbox 1749 1388 1914 1484; x_wconf 92' lang='lat' dir='ltr'><strong>quatuor</strong></span> <span class='ocrx_word' id='word_1_24' title='bbox 1931 1375 2028 1456; x_wconf 82' lang='lat' dir='ltr'><strong>ossis</strong></span> <span class='ocrx_word' id='word_1_25' title='bbox 2047 1375 2221 1484; x_wconf 77' lang='lat' dir='ltr'><strong>caespitis</strong></span> <span class='ocrx_word' id='word_1_26' title='bbox 2238 1375 2402 1457; x_wconf 81' lang='lat' dir='ltr'><strong>exstmi-</strong></span> 
     </span>
     <span class='ocr_line' id='line_1_5' title="bbox 783 1526 2491 1642; baseline -0.008 -24"><span class='ocrx_word' id='word_1_27' title='bbox 783 1533 1033 1642; x_wconf 90' lang='lat' dir='ltr'><strong>turpartibus</strong></span> <span class='ocrx_word' id='word_1_28' title='bbox 1046 1526 1907 1641; x_wconf 73' lang='lat' dir='ltr'><strong>(Tab.vu.a.b.c.·d.)inmapln&#39;biisplurimum</strong></span> <span class='ocrx_word' id='word_1_29' title='bbox 1919 1527 2402 1632; x_wconf 82' lang='lat' dir='ltr'><strong>incomtantissimis,quae</strong></span> <span class='ocrx_word' id='word_1_30' title='bbox 2489 1566 2491 1574; x_wconf 89' lang='grc'><strong><em>·</em></strong></span> 
     </span>
     <span class='ocr_line' id='line_1_6' title="bbox 782 1687 2444 1803; baseline -0.008 -24"><span class='ocrx_word' id='word_1_31' title='bbox 782 1695 1033 1803; x_wconf 87' lang='lat' dir='ltr'><strong>praecipuum</strong></span> <span class='ocrx_word' id='word_1_32' title='bbox 1057 1687 1259 1795; x_wconf 89' lang='lat' dir='ltr'><strong>eneephali</strong></span> <span class='ocrx_word' id='word_1_33' title='bbox 1286 1699 1438 1794; x_wconf 74' lang='lat' dir='ltr'><strong>tegmen</strong></span> <span class='ocrx_word' id='word_1_34' title='bbox 1459 1713 1616 1768; x_wconf 87' lang='lat' dir='ltr'><strong>osseum</strong></span> <span class='ocrx_word' id='word_1_35' title='bbox 1643 1715 1666 1768; x_wconf 90' lang='lat' dir='ltr'><strong>a</strong></span> <span class='ocrx_word' id='word_1_36' title='bbox 1692 1687 1910 1794; x_wconf 87' lang='lat' dir='ltr'><strong>posteriore</strong></span> <span class='ocrx_word' id='word_1_37' title='bbox 1937 1688 2194 1785; x_wconf 87' lang='lat' dir='ltr'><strong>constituunt,</strong></span> <span class='ocrx_word' id='word_1_38' title='bbox 2224 1709 2402 1792; x_wconf 92' lang='lat' dir='ltr'><strong>quarum·</strong></span> <span class='ocrx_word' id='word_1_39' title='bbox 2440 1737 2444 1748; x_wconf 45' lang='grc' dir='ltr'><em>ι</em></span> 
     </span>
     <span class='ocr_line' id='line_1_7' title="bbox 785 1843 2403 1964; baseline -0.009 -27"><span class='ocrx_word' id='word_1_40' title='bbox 785 1881 858 1964; x_wconf 92' lang='lat' dir='ltr'><strong>que</strong></span> <span class='ocrx_word' id='word_1_41' title='bbox 876 1849 1036 1949; x_wconf 81' lang='lat' dir='ltr'><strong>besalis,</strong></span> <span class='ocrx_word' id='word_1_42' title='bbox 1058 1847 1231 1954; x_wconf 87' lang='lat' dir='ltr'><strong>simplice</strong></span> <span class='ocrx_word' id='word_1_43' title='bbox 1259 1847 1420 1952; x_wconf 81' lang='lat' dir='ltr'><strong>condylo</strong></span> <span class='ocrx_word' id='word_1_44' title='bbox 1447 1845 1595 1949; x_wconf 90' lang='lat' dir='ltr'><strong>majore</strong></span> <span class='ocrx_word' id='word_1_45' title='bbox 1623 1843 1843 1926; x_wconf 89' lang='lat' dir='ltr'><strong>semilunari</strong></span> <span class='ocrx_word' id='word_1_46' title='bbox 1870 1845 2056 1954; x_wconf 81' lang='lat' dir='ltr'><strong>valdeque</strong></span> <span class='ocrx_word' id='word_1_47' title='bbox 2088 1843 2305 1951; x_wconf 92' lang='lat' dir='ltr'><strong>prominulo</strong></span> <span class='ocrx_word' id='word_1_48' title='bbox 2337 1867 2403 1922; x_wconf 89' lang='lat' dir='ltr'><strong>an·</strong></span> 
     </span>
    </p>

    <p class='ocr_par' dir='ltr' id='par_1_4' title="bbox 684 1997 2402 2278">
     <span class='ocr_line' id='line_1_8' title="bbox 749 1997 2402 2112; baseline -0.01 -14"><span class='ocrx_word' id='word_1_49' title='bbox 749 1997 930 2098; x_wconf 72' lang='lat' dir='ltr'><strong>&#39;teriora</strong></span> <span class='ocrx_word' id='word_1_50' title='bbox 955 2037 1089 2095; x_wconf 85' lang='lat' dir='ltr'><strong>versus</strong></span> <span class='ocrx_word' id='word_1_51' title='bbox 1117 2019 1337 2108; x_wconf 86' lang='lat' dir='ltr'><strong>exstructo,</strong></span> <span class='ocrx_word' id='word_1_52' title='bbox 1367 2009 1416 2090; x_wconf 91' lang='lat' dir='ltr'><strong>ad</strong></span> <span class='ocrx_word' id='word_1_53' title='bbox 1443 2009 1565 2094; x_wconf 82' lang='lat' dir='ltr'><strong>lutera</strong></span> <span class='ocrx_word' id='word_1_54' title='bbox 1593 2007 1632 2088; x_wconf 92' lang='lat' dir='ltr'><strong>in</strong></span> <span class='ocrx_word' id='word_1_55' title='bbox 1649 2007 1761 2088; x_wconf 88' lang='lat' dir='ltr'><strong>binos</strong></span> <span class='ocrx_word' id='word_1_56' title='bbox 1786 2007 1958 2088; x_wconf 82' lang='lat' dir='ltr'><strong>excurrit</strong></span> <span class='ocrx_word' id='word_1_57' title='bbox 1983 2031 2211 2112; x_wconf 78' lang='lat' dir='ltr'><strong>processus,</strong></span> <span class='ocrx_word' id='word_1_58' title='bbox 2240 2029 2402 2112; x_wconf 88' lang='lat' dir='ltr'><strong>quorum</strong></span> 
     </span>
     <span class='ocr_line' id='line_1_9' title="bbox 684 2165 2402 2278; baseline -0.009 -16"><span class='ocrx_word' id='word_1_59' title='bbox 684 2165 688 2174; x_wconf 45' lang='lat'><strong><em>¹</em></strong></span> <span class='ocrx_word' id='word_1_60' title='bbox 785 2178 966 2261; x_wconf 82' lang='lat' dir='ltr'><strong>laterales</strong></span> <span class='ocrx_word' id='word_1_61' title='bbox 993 2174 1034 2256; x_wconf 93' lang='lat' dir='ltr'><strong>hi</strong></span> <span class='ocrx_word' id='word_1_62' title='bbox 1061 2173 1131 2256; x_wconf 87' lang='lat' dir='ltr'><strong>lati</strong></span> <span class='ocrx_word' id='word_1_63' title='bbox 1157 2171 1406 2278; x_wconf 89' lang='lat' dir='ltr'><strong>deprcssique</strong></span> <span class='ocrx_word' id='word_1_64' title='bbox 1432 2172 1553 2252; x_wconf 91' lang='lat' dir='ltr'><strong>multo</strong></span> <span class='ocrx_word' id='word_1_65' title='bbox 1581 2171 1775 2252; x_wconf 88' lang='lat' dir='ltr'><strong>tenuiores</strong></span> <span class='ocrx_word' id='word_1_66' title='bbox 1803 2181 1891 2250; x_wconf 87' lang='lat' dir='ltr'><strong>sunt</strong></span> <span class='ocrx_word' id='word_1_67' title='bbox 1909 2169 2163 2252; x_wconf 88' lang='lat' dir='ltr'><strong>anterioribus</strong></span> <span class='ocrx_word' id='word_1_68' title='bbox 2181 2166 2402 2253; x_wconf 86' lang='lat' dir='ltr'><strong>incrassatis</strong></span> 
     </span>
    </p>
   </div>
   <div class='ocr_carea' id='block_1_3' title="bbox 782 2329 2402 2593">
    <p class='ocr_par' dir='ltr' id='par_1_5' title="bbox 782 2329 2402 2593">
     <span class='ocr_line' id='line_1_10' title="bbox 782 2329 2402 2457; baseline -0.007 -37"><span class='ocrx_word' id='word_1_69' title='bbox 782 2362 945 2446; x_wconf 87' lang='lat' dir='ltr'><strong>cumque</strong></span> <span class='ocrx_word' id='word_1_70' title='bbox 972 2361 1061 2418; x_wconf 91' lang='lat' dir='ltr'><strong>osse</strong></span> <span class='ocrx_word' id='word_1_71' title='bbox 1087 2333 1323 2441; x_wconf 89' lang='lat' dir='ltr'><strong>sphenoideo</strong></span> <span class='ocrx_word' id='word_1_72' title='bbox 1351 2333 1405 2412; x_wconf 90' lang='lat' dir='ltr'><strong>ibi</strong></span> <span class='ocrx_word' id='word_1_73' title='bbox 1431 2359 1480 2414; x_wconf 90' lang='lat' dir='ltr'><strong>ex</strong></span> <span class='ocrx_word' id='word_1_74' title='bbox 1508 2341 1591 2414; x_wconf 90' lang='lat' dir='ltr'><strong>toto</strong></span> <span class='ocrx_word' id='word_1_75' title='bbox 1618 2333 1856 2438; x_wconf 85' lang='lat' dir='ltr'><strong>conjunctis;</strong></span> <span class='ocrx_word' id='word_1_76' title='bbox 1887 2359 1962 2440; x_wconf 91' lang='lat' dir='ltr'><strong>quo</strong></span> <span class='ocrx_word' id='word_1_77' title='bbox 1981 2329 2045 2432; x_wconf 87' lang='lat' dir='ltr'><strong>lit,</strong></span> <span class='ocrx_word' id='word_1_78' title='bbox 2075 2344 2119 2414; x_wconf 91' lang='lat' dir='ltr'><strong>ut</strong></span> <span class='ocrx_word' id='word_1_79' title='bbox 2136 2331 2296 2457; x_wconf 76' lang='lat' dir='ltr'><strong>inferior</strong></span> <span class='ocrx_word' id='word_1_80' title='bbox 2313 2357 2402 2436; x_wconf 90' lang='lat' dir='ltr'><strong>par-</strong></span> 
     </span>
     <span class='ocr_line' id='line_1_11' title="bbox 784 2485 2402 2593; baseline -0.006 -20"><span class='ocrx_word' id='word_1_81' title='bbox 784 2497 834 2574; x_wconf 91' lang='lat' dir='ltr'><strong>tis</strong></span> <span class='ocrx_word' id='word_1_82' title='bbox 861 2487 1025 2588; x_wconf 75' lang='lat' dir='ltr'><strong>besalis,</strong></span> <span class='ocrx_word' id='word_1_83' title='bbox 1060 2487 1176 2569; x_wconf 86' lang='lat' dir='ltr'><strong>iacies</strong></span> <span class='ocrx_word' id='word_1_84' title='bbox 1195 2487 1392 2568; x_wconf 80' lang='lat' dir='ltr'><strong>&#39;latissima</strong></span> <span class='ocrx_word' id='word_1_85' title='bbox 1420 2487 1478 2570; x_wconf 86' lang='lat' dir='ltr'><strong>vel</strong></span> <span class='ocrx_word' id='word_1_86' title='bbox 1514 2487 1679 2568; x_wconf 87' lang='lat' dir='ltr'><strong>maxime</strong></span> <span class='ocrx_word' id='word_1_87' title='bbox 1712 2487 1901 2568; x_wconf 90' lang='lat' dir='ltr'><strong>volumine</strong></span> <span class='ocrx_word' id='word_1_88' title='bbox 1937 2497 2095 2593; x_wconf 86' lang='lat' dir='ltr'><strong>superet</strong></span> <span class='ocrx_word' id='word_1_89' title='bbox 2128 2509 2267 2590; x_wconf 92' lang='lat' dir='ltr'><strong>corpus</strong></span> <span class='ocrx_word' id='word_1_90' title='bbox 2303 2485 2402 2566; x_wconf 89' lang='lat' dir='ltr'><strong>ossis</strong></span> 
     </span>
    </p>
   </div>
   <div class='ocr_carea' id='block_1_4' title="bbox 785 2613 2530 2758">
    <p class='ocr_par' dir='ltr' id='par_1_6' title="bbox 785 2613 2530 2758">
     <span class='ocr_line' id='line_1_12' title="bbox 785 2613 2530 2758; baseline -0.007 -26"><span class='ocrx_word' id='word_1_91' title='bbox 785 2646 1021 2758; x_wconf 88' lang='lat' dir='ltr'><strong>sphenoidei.</strong></span> <span class='ocrx_word' id='word_1_92' title='bbox 1058 2644 1257 2726; x_wconf 88' lang='lat' dir='ltr'><strong>Laterales</strong></span> <span class='ocrx_word' id='word_1_93' title='bbox 1285 2643 1373 2724; x_wconf 90' lang='lat' dir='ltr'><strong>dein</strong></span> <span class='ocrx_word' id='word_1_94' title='bbox 1399 2654 1531 2748; x_wconf 87' lang='lat' dir='ltr'><strong>partes</strong></span> <span class='ocrx_word' id='word_1_95' title='bbox 1559 2613 1853 2750; x_wconf 78' lang='lat' dir='ltr'><strong>condyloideae,</strong></span> <span class='ocrx_word' id='word_1_96' title='bbox 1890 2643 2004 2748; x_wconf 83' lang='lat' dir='ltr'><strong>hujus</strong></span> <span class='ocrx_word' id='word_1_97' title='bbox 2033 2644 2235 2726; x_wconf 83' lang='lat' dir='ltr'><strong>vertebrae</strong></span> <span class='ocrx_word' id='word_1_98' title='bbox 2262 2644 2405 2748; x_wconf 90' lang='lat' dir='ltr'><strong>occipi-</strong></span> <span class='ocrx_word' id='word_1_99' title='bbox 2527 2731 2530 2740; x_wconf 46' lang='grc'><strong>,</strong></span> 
     </span>
    </p>
   </div>
   <div class='ocr_carea' id='block_1_5' title="bbox 786 2799 2404 2912">
    <p class='ocr_par' dir='ltr' id='par_1_7' title="bbox 786 2799 2404 2912">
     <span class='ocr_line' id='line_1_13' title="bbox 786 2799 2404 2912; baseline -0.005 -22"><span class='ocrx_word' id='word_1_100' title='bbox 786 2809 873 2890; x_wconf 89' lang='lat' dir='ltr'><strong>talis</strong></span> <span class='ocrx_word' id='word_1_101' title='bbox 907 2819 1086 2912; x_wconf 86' lang='lat' dir='ltr'><strong>tanquam</strong></span> <span class='ocrx_word' id='word_1_102' title='bbox 1119 2825 1230 2886; x_wconf 88' lang='lat' dir='ltr'><strong>arcus</strong></span> <span class='ocrx_word' id='word_1_103' title='bbox 1265 2803 1468 2901; x_wconf 89' lang='lat' dir='ltr'><strong>sistentes,</strong></span> <span class='ocrx_word' id='word_1_104' title='bbox 1505 2803 1544 2884; x_wconf 92' lang='lat' dir='ltr'><strong>in</strong></span> <span class='ocrx_word' id='word_1_105' title='bbox 1571 2802 1736 2884; x_wconf 77' lang='lat' dir='ltr'><strong>validum</strong></span> <span class='ocrx_word' id='word_1_106' title='bbox 1762 2812 1966 2882; x_wconf 88' lang='lat' dir='ltr'><strong>excurrunt</strong></span> <span class='ocrx_word' id='word_1_107' title='bbox 2000 2825 2222 2905; x_wconf 89' lang='lat' dir='ltr'><strong>processum</strong></span> <span class='ocrx_word' id='word_1_108' title='bbox 2249 2799 2404 2906; x_wconf 90' lang='lat' dir='ltr'><strong>oblique</strong></span> 
     </span>
    </p>
   </div>
   <div class='ocr_carea' id='block_1_6' title="bbox 631 2959 2405 3075">
    <p class='ocr_par' dir='ltr' id='par_1_8' title="bbox 631 2959 2405 3075">
     <span class='ocr_line' id='line_1_14' title="bbox 631 2959 2405 3075; baseline -0.004 -28"><span class='ocrx_word' id='word_1_109' title='bbox 631 3031 633 3036; x_wconf 90' lang='lat'><em>.</em></span> <span class='ocrx_word' id='word_1_110' title='bbox 785 2979 1027 3075; x_wconf 90' lang='lat' dir='ltr'><strong>postrorsum</strong></span> <span class='ocrx_word' id='word_1_111' title='bbox 1052 2959 1338 3068; x_wconf 85' lang='lat' dir='ltr'><strong>prolongatum,</strong></span> <span class='ocrx_word' id='word_1_112' title='bbox 1370 2961 1482 3068; x_wconf 91' lang='lat' dir='ltr'><strong>inque</strong></span> <span class='ocrx_word' id='word_1_113' title='bbox 1509 2971 1681 3042; x_wconf 91' lang='lat' dir='ltr'><strong>extremo</strong></span> <span class='ocrx_word' id='word_1_114' title='bbox 1709 2985 1780 3042; x_wconf 94' lang='lat' dir='ltr'><strong>suo</strong></span> <span class='ocrx_word' id='word_1_115' title='bbox 1809 2960 2012 3058; x_wconf 90' lang='lat' dir='ltr'><strong>tumidum,</strong></span> <span class='ocrx_word' id='word_1_116' title='bbox 2035 2959 2103 3040; x_wconf 92' lang='lat' dir='ltr'><strong>cui</strong></span> <span class='ocrx_word' id='word_1_117' title='bbox 2131 2959 2317 3066; x_wconf 87' lang='lat' dir='ltr'><strong>imprimis</strong></span> <span class='ocrx_word' id='word_1_118' title='bbox 2346 2973 2405 3040; x_wconf 91' lang='lat' dir='ltr'><strong>tu·</strong></span> 
     </span>
    </p>
   </div>
   <div class='ocr_carea' id='block_1_7' title="bbox 785 3110 2481 3696">
    <p class='ocr_par' dir='ltr' id='par_1_9' title="bbox 785 3110 2481 3696">
     <span class='ocr_line' id='line_1_15' title="bbox 785 3110 2404 3218; baseline -0.006 -18"><span class='ocrx_word' id='word_1_119' title='bbox 785 3113 987 3200; x_wconf 89' lang='lat' dir='ltr'><strong>berositati</strong></span> <span class='ocrx_word' id='word_1_120' title='bbox 1020 3112 1198 3218; x_wconf 89' lang='lat' dir='ltr'><strong>utrinque</strong></span> <span class='ocrx_word' id='word_1_121' title='bbox 1231 3110 1415 3192; x_wconf 90' lang='lat' dir='ltr'><strong>incumbit</strong></span> <span class='ocrx_word' id='word_1_122' title='bbox 1446 3135 1651 3217; x_wconf 91' lang='lat' dir='ltr'><strong>processus</strong></span> <span class='ocrx_word' id='word_1_123' title='bbox 1686 3111 1903 3194; x_wconf 83' lang='lat' dir='ltr'><strong>articularis</strong></span> <span class='ocrx_word' id='word_1_124' title='bbox 1937 3110 2048 3190; x_wconf 90' lang='lat' dir='ltr'><strong>ossis·</strong></span> <span class='ocrx_word' id='word_1_125' title='bbox 2064 3121 2302 3216; x_wconf 83' lang='lat' dir='ltr'><strong>temporum3</strong></span> <span class='ocrx_word' id='word_1_126' title='bbox 2338 3111 2404 3192; x_wconf 90' lang='lat' dir='ltr'><strong>ubi</strong></span> 
     </span>
     <span class='ocr_line' id='line_1_16' title="bbox 787 3249 2481 3375; baseline -0.004 -23"><span class='ocrx_word' id='word_1_127' title='bbox 787 3293 877 3354; x_wconf 79' lang='lat' dir='ltr'><strong>uero</strong></span> <span class='ocrx_word' id='word_1_128' title='bbox 909 3249 1183 3374; x_wconf 67' lang='lat' dir='ltr'><strong>&#39;condyloideaa</strong></span> <span class='ocrx_word' id='word_1_129' title='bbox 1216 3277 1347 3372; x_wconf 89' lang='lat' dir='ltr'><strong>partes</strong></span> <span class='ocrx_word' id='word_1_130' title='bbox 1381 3291 1468 3346; x_wconf 91' lang='lat' dir='ltr'><strong>cnm</strong></span> <span class='ocrx_word' id='word_1_131' title='bbox 1500 3267 1624 3348; x_wconf 88' lang='lat' dir='ltr'><strong>basali</strong></span> <span class='ocrx_word' id='word_1_132' title='bbox 1657 3267 1836 3375; x_wconf 91' lang='lat' dir='ltr'><strong>utrinque</strong></span> <span class='ocrx_word' id='word_1_133' title='bbox 1863 3265 2075 3365; x_wconf 84' lang='lat' dir='ltr'><strong>confluunt,</strong></span> <span class='ocrx_word' id='word_1_134' title='bbox 2115 3265 2254 3348; x_wconf 92' lang='lat' dir='ltr'><strong>ibidem</strong></span> <span class='ocrx_word' id='word_1_135' title='bbox 2280 3290 2404 3372; x_wconf 91' lang='lat' dir='ltr'><strong>prope</strong></span> <span class='ocrx_word' id='word_1_136' title='bbox 2467 3323 2481 3366; x_wconf 88' lang='lat'><strong>·.</strong></span> 
     </span>
     <span class='ocr_line' id='line_1_17' title="bbox 785 3419 2403 3540; baseline -0.002 -34"><span class='ocrx_word' id='word_1_137' title='bbox 785 3425 957 3510; x_wconf 82' lang='lat' dir='ltr'><strong>toramen</strong></span> <span class='ocrx_word' id='word_1_138' title='bbox 982 3419 1165 3532; x_wconf 81' lang='lat' dir='ltr'><strong>magnum</strong></span> <span class='ocrx_word' id='word_1_139' title='bbox 1185 3424 1387 3530; x_wconf 89' lang='lat' dir='ltr'><strong>occipitale</strong></span> <span class='ocrx_word' id='word_1_140' title='bbox 1413 3425 1538 3508; x_wconf 85' lang='lat' dir='ltr'><strong>minus</strong></span> <span class='ocrx_word' id='word_1_141' title='bbox 1565 3427 1727 3510; x_wconf 87' lang='lat' dir='ltr'><strong>alterum</strong></span> <span class='ocrx_word' id='word_1_142' title='bbox 1745 3425 1968 3523; x_wconf 79' lang='lat' dir='ltr'><strong>offenditur,</strong></span> <span class='ocrx_word' id='word_1_143' title='bbox 1998 3451 2021 3506; x_wconf 93' lang='lat' dir='ltr'><strong>e</strong></span> <span class='ocrx_word' id='word_1_144' title='bbox 2040 3449 2115 3532; x_wconf 93' lang='lat' dir='ltr'><strong>quo</strong></span> <span class='ocrx_word' id='word_1_145' title='bbox 2133 3449 2272 3506; x_wconf 85' lang='lat' dir='ltr'><strong>nervus</strong></span> <span class='ocrx_word' id='word_1_146' title='bbox 2290 3449 2403 3540; x_wconf 76' lang='lat' dir='ltr'><strong>vagus</strong></span> 
     </span>
     <span class='ocr_line' id='line_1_18' title="bbox 785 3585 2404 3696; baseline -0.006 -22"><span class='ocrx_word' id='word_1_147' title='bbox 785 3604 825 3674; x_wconf 88' lang='lat' dir='ltr'><strong>et</strong></span> <span class='ocrx_word' id='word_1_148' title='bbox 852 3591 1088 3674; x_wconf 86' lang='lat' dir='ltr'><strong>accessorius</strong></span> <span class='ocrx_word' id='word_1_149' title='bbox 1115 3589 1274 3672; x_wconf 90' lang='lat' dir='ltr'><strong>Willisii</strong></span> <span class='ocrx_word' id='word_1_150' title='bbox 1301 3589 1524 3670; x_wconf 90' lang='lat' dir='ltr'><strong>educuntur.</strong></span> <span class='ocrx_word' id='word_1_151' title='bbox 1555 3591 1650 3670; x_wconf 90' lang='lat' dir='ltr'><strong>Pars</strong></span> <span class='ocrx_word' id='word_1_152' title='bbox 1679 3589 1839 3696; x_wconf 88' lang='lat' dir='ltr'><strong>denique</strong></span> <span class='ocrx_word' id='word_1_153' title='bbox 1866 3588 2080 3694; x_wconf 85' lang='lat' dir='ltr'><strong>occipitslis</strong></span> <span class='ocrx_word' id='word_1_154' title='bbox 2107 3613 2304 3695; x_wconf 91' lang='lat' dir='ltr'><strong>suprema,</strong></span> <span class='ocrx_word' id='word_1_155' title='bbox 2334 3585 2404 3667; x_wconf 91' lang='lat' dir='ltr'><strong>ali·</strong></span> 
     </span>
    </p>
   </div>
   <div class='ocr_carea' id='block_1_8' title="bbox 785 3731 2405 4008">
    <p class='ocr_par' dir='ltr' id='par_1_10' title="bbox 785 3731 2405 4008">
     <span class='ocr_line' id='line_1_19' title="bbox 785 3731 2405 3857; baseline -0.007 -23"><span class='ocrx_word' id='word_1_156' title='bbox 785 3731 897 3857; x_wconf 83' lang='lat' dir='ltr'><strong>quem</strong></span> <span class='ocrx_word' id='word_1_157' title='bbox 924 3773 1148 3857; x_wconf 90' lang='lat' dir='ltr'><strong>processum</strong></span> <span class='ocrx_word' id='word_1_158' title='bbox 1173 3747 1425 3847; x_wconf 85' lang='lat' dir='ltr'><strong>adumbrans,</strong></span> <span class='ocrx_word' id='word_1_159' title='bbox 1463 3747 1658 3828; x_wconf 91' lang='lat' dir='ltr'><strong>anteriora</strong></span> <span class='ocrx_word' id='word_1_160' title='bbox 1686 3771 1817 3828; x_wconf 81' lang='lat' dir='ltr'><strong>versus</strong></span> <span class='ocrx_word' id='word_1_161' title='bbox 1844 3757 1886 3828; x_wconf 90' lang='lat' dir='ltr'><strong>et</strong></span> <span class='ocrx_word' id='word_1_162' title='bbox 1911 3747 2067 3853; x_wconf 90' lang='lat' dir='ltr'><strong>oblique</strong></span> <span class='ocrx_word' id='word_1_163' title='bbox 2099 3773 2251 3826; x_wconf 91' lang='lat' dir='ltr'><strong>sursum</strong></span> <span class='ocrx_word' id='word_1_164' title='bbox 2276 3743 2405 3850; x_wconf 81' lang='lat' dir='ltr'><strong>dirigi·</strong></span> 
     </span>
     <span class='ocr_line' id='line_1_20' title="bbox 786 3901 2405 4008; baseline -0.006 -20"><span class='ocrx_word' id='word_1_165' title='bbox 786 3921 868 4007; x_wconf 90' lang='lat' dir='ltr'><strong>tur,</strong></span> <span class='ocrx_word' id='word_1_166' title='bbox 906 3908 998 3988; x_wconf 91' lang='lat' dir='ltr'><strong>tecti</strong></span> <span class='ocrx_word' id='word_1_167' title='bbox 1031 3907 1191 3988; x_wconf 81' lang='lat' dir='ltr'><strong>convexi</strong></span> <span class='ocrx_word' id='word_1_168' title='bbox 1225 3905 1367 4002; x_wconf 91' lang='lat' dir='ltr'><strong>instar,</strong></span> <span class='ocrx_word' id='word_1_169' title='bbox 1407 3927 1569 4008; x_wconf 88' lang='lat' dir='ltr'><strong>cumque</strong></span> <span class='ocrx_word' id='word_1_170' title='bbox 1596 3925 1685 3998; x_wconf 82' lang='lat' dir='ltr'><strong>csse</strong></span> <span class='ocrx_word' id='word_1_171' title='bbox 1712 3911 1868 4004; x_wconf 89' lang='lat' dir='ltr'><strong>petroso</strong></span> <span class='ocrx_word' id='word_1_172' title='bbox 1896 3901 2075 4004; x_wconf 85' lang='lat' dir='ltr'><strong>utrinque</strong></span> <span class='ocrx_word' id='word_1_173' title='bbox 2102 3909 2301 3996; x_wconf 88' lang='lat' dir='ltr'><strong>concreta,</strong></span> <span class='ocrx_word' id='word_1_174' title='bbox 2332 3901 2405 3980; x_wconf 90' lang='lat' dir='ltr'><strong>sub</strong></span> 
     </span>
    </p>
   </div>
   <div class='ocr_carea' id='block_1_9' title="bbox 785 4045 2402 4180">
    <p class='ocr_par' dir='ltr' id='par_1_11' title="bbox 785 4045 2402 4180">
     <span class='ocr_line' id='line_1_21' title="bbox 785 4045 2402 4180; baseline -0.011 -26"><span class='ocrx_word' id='word_1_175' title='bbox 785 4071 960 4180; x_wconf 87' lang='lat' dir='ltr'><strong>parietali</strong></span> <span class='ocrx_word' id='word_1_176' title='bbox 996 4093 1084 4152; x_wconf 90' lang='lat' dir='ltr'><strong>osse</strong></span> <span class='ocrx_word' id='word_1_177' title='bbox 1120 4093 1169 4150; x_wconf 93' lang='lat' dir='ltr'><strong>ex</strong></span> <span class='ocrx_word' id='word_1_178' title='bbox 1202 4045 1286 4148; x_wconf 84' lang='lat' dir='ltr'><strong>toto</strong></span> <span class='ocrx_word' id='word_1_179' title='bbox 1323 4063 1515 4161; x_wconf 88' lang='lat' dir='ltr'><strong>abscedit,</strong></span> <span class='ocrx_word' id='word_1_180' title='bbox 1554 4061 1604 4142; x_wconf 91' lang='lat' dir='ltr'><strong>ab</strong></span> <span class='ocrx_word' id='word_1_181' title='bbox 1636 4083 1684 4142; x_wconf 90' lang='lat' dir='ltr'><strong>eo</strong></span> <span class='ocrx_word' id='word_1_182' title='bbox 1718 4059 1877 4168; x_wconf 87' lang='lat' dir='ltr'><strong>ejusque</strong></span> <span class='ocrx_word' id='word_1_183' title='bbox 1911 4058 2132 4140; x_wconf 86' lang='lat' dir='ltr'><strong>lateralibus</strong></span> <span class='ocrx_word' id='word_1_184' title='bbox 2158 4059 2402 4164; x_wconf 85' lang='lat' dir='ltr'><strong>processibus</strong></span> 
     </span>
    </p>
   </div>
   <div class='ocr_carea' id='block_1_10' title="bbox 784 4227 2400 4490">
    <p class='ocr_par' dir='ltr' id='par_1_12' title="bbox 784 4227 2400 4490">
     <span class='ocr_line' id='line_1_22' title="bbox 784 4227 1018 4320; baseline -0.017 -10"><span class='ocrx_word' id='word_1_185' title='bbox 784 4227 1018 4320; x_wconf 86' lang='lat' dir='ltr'><strong>abscondita.</strong></span> 
     </span>
     <span class='ocr_line' id='line_1_23' title="bbox 838 4339 2400 4490; baseline -0.008 -24"><span class='ocrx_word' id='word_1_186' title='bbox 838 4384 992 4466; x_wconf 89' lang='lat' dir='ltr'><strong>Scilicet</strong></span> <span class='ocrx_word' id='word_1_187' title='bbox 1010 4411 1052 4463; x_wconf 91' lang='lat' dir='ltr'><strong>os</strong></span> <span class='ocrx_word' id='word_1_188' title='bbox 1065 4395 1259 4490; x_wconf 84' lang='lat' dir='ltr'><strong>petrosum</strong></span> <span class='ocrx_word' id='word_1_189' title='bbox 1278 4379 1319 4487; x_wconf 90' lang='lat' dir='ltr'><strong>(l.</strong></span> <span class='ocrx_word' id='word_1_190' title='bbox 1334 4406 1367 4456; x_wconf 88' lang='lat' dir='ltr'><strong>c.</strong></span> <span class='ocrx_word' id='word_1_191' title='bbox 1381 4375 1437 4485; x_wconf 88' lang='lat' dir='ltr'><strong>e.)</strong></span> <span class='ocrx_word' id='word_1_192' title='bbox 1462 4379 1513 4460; x_wconf 91' lang='lat' dir='ltr'><strong>ab</strong></span> <span class='ocrx_word' id='word_1_193' title='bbox 1539 4389 1702 4482; x_wconf 88' lang='lat' dir='ltr'><strong>utroque</strong></span> <span class='ocrx_word' id='word_1_194' title='bbox 1730 4377 1850 4456; x_wconf 90' lang='lat' dir='ltr'><strong>latere</strong></span> <span class='ocrx_word' id='word_1_195' title='bbox 1877 4373 1997 4454; x_wconf 90' lang='lat' dir='ltr'><strong>cranii</strong></span> <span class='ocrx_word' id='word_1_196' title='bbox 2023 4397 2156 4454; x_wconf 89' lang='lat' dir='ltr'><strong>cavum</strong></span> <span class='ocrx_word' id='word_1_197' title='bbox 2178 4339 2400 4472; x_wconf 86' lang='lat' dir='ltr'><strong>occludens,</strong></span> 
     </span>
    </p>
   </div>
   <div class='ocr_carea' id='block_1_11' title="bbox 651 4525 2404 4646">
    <p class='ocr_par' dir='ltr' id='par_1_13' title="bbox 651 4525 2404 4646">
     <span class='ocr_line' id='line_1_24' title="bbox 651 4525 2404 4646; baseline -0.009 -15"><span class='ocrx_word' id='word_1_198' title='bbox 651 4539 653 4548; x_wconf 60' lang='lat'>&#39;</span> <span class='ocrx_word' id='word_1_199' title='bbox 785 4548 977 4630; x_wconf 87' lang='lat' dir='ltr'><strong>anteriora</strong></span> <span class='ocrx_word' id='word_1_200' title='bbox 995 4543 1265 4627; x_wconf 82' lang='lat' dir='ltr'><strong>versus-latius</strong></span> <span class='ocrx_word' id='word_1_201' title='bbox 1290 4553 1351 4622; x_wconf 90' lang='lat' dir='ltr'><strong>est</strong></span> <span class='ocrx_word' id='word_1_202' title='bbox 1375 4551 1416 4622; x_wconf 92' lang='lat' dir='ltr'><strong>et</strong></span> <span class='ocrx_word' id='word_1_203' title='bbox 1440 4543 1569 4639; x_wconf 86' lang='lat' dir='ltr'><strong>laeve,</strong></span> <span class='ocrx_word' id='word_1_204' title='bbox 1599 4552 1641 4621; x_wconf 90' lang='lat' dir='ltr'><strong>at</strong></span> <span class='ocrx_word' id='word_1_205' title='bbox 1665 4541 1702 4620; x_wconf 91' lang='lat' dir='ltr'><strong>in</strong></span> <span class='ocrx_word' id='word_1_206' title='bbox 1720 4525 2000 4645; x_wconf 89' lang='lat' dir='ltr'><strong>posterioribus</strong></span> <span class='ocrx_word' id='word_1_207' title='bbox 2024 4541 2202 4646; x_wconf 79' lang='lat' dir='ltr'><strong>elongato</strong></span> <span class='ocrx_word' id='word_1_208' title='bbox 2229 4565 2274 4620; x_wconf 89' lang='lat' dir='ltr'><strong>ac</strong></span> <span class='ocrx_word' id='word_1_209' title='bbox 2300 4538 2404 4618; x_wconf 87' lang='lat' dir='ltr'><strong>tenui</strong></span> 
     </span>
    </p>
   </div>
   <div class='ocr_carea' id='block_1_12' title="bbox 775 4699 2405 4964">
    <p class='ocr_par' dir='ltr' id='par_1_14' title="bbox 775 4699 2405 4964">
     <span class='ocr_line' id='line_1_25' title="bbox 775 4699 2403 4816; baseline -0.002 -31"><span class='ocrx_word' id='word_1_210' title='bbox 775 4721 972 4816; x_wconf 70' lang='lat' dir='ltr'><strong>‘processu</strong></span> <span class='ocrx_word' id='word_1_211' title='bbox 1004 4714 1179 4799; x_wconf 91' lang='lat' dir='ltr'><strong>notatur,</strong></span> <span class='ocrx_word' id='word_1_212' title='bbox 1216 4725 1292 4809; x_wconf 90' lang='lat' dir='ltr'><strong>quo</strong></span> <span class='ocrx_word' id='word_1_213' title='bbox 1327 4700 1381 4781; x_wconf 93' lang='lat' dir='ltr'><strong>ibi</strong></span> <span class='ocrx_word' id='word_1_214' title='bbox 1415 4723 1501 4784; x_wconf 91' lang='lat' dir='ltr'><strong>cum</strong></span> <span class='ocrx_word' id='word_1_215' title='bbox 1534 4701 1648 4784; x_wconf 91' lang='lat' dir='ltr'><strong>simili</strong></span> <span class='ocrx_word' id='word_1_216' title='bbox 1681 4711 1793 4807; x_wconf 90' lang='lat' dir='ltr'><strong>parte</strong></span> <span class='ocrx_word' id='word_1_217' title='bbox 1825 4700 2076 4806; x_wconf 83' lang='lat' dir='ltr'><strong>condyloidea</strong></span> <span class='ocrx_word' id='word_1_218' title='bbox 2102 4701 2201 4782; x_wconf 91' lang='lat' dir='ltr'><strong>ossis</strong></span> <span class='ocrx_word' id='word_1_219' title='bbox 2228 4699 2403 4804; x_wconf 81' lang='lat' dir='ltr'><strong>occipitio</strong></span> 
     </span>
     <span class='ocr_line' id='line_1_26' title="bbox 784 4849 2405 4964; baseline -0.004 -28"><span class='ocrx_word' id='word_1_220' title='bbox 784 4853 1045 4964; x_wconf 82' lang='lat' dir='ltr'><strong>conjungitur,</strong></span> <span class='ocrx_word' id='word_1_221' title='bbox 1085 4853 1197 4961; x_wconf 90' lang='lat' dir='ltr'><strong>inque</strong></span> <span class='ocrx_word' id='word_1_222' title='bbox 1234 4851 1329 4957; x_wconf 87' lang='lat' dir='ltr'><strong>ipsis</strong></span> <span class='ocrx_word' id='word_1_223' title='bbox 1365 4875 1558 4932; x_wconf 88' lang='lat' dir='ltr'><strong>connexus</strong></span> <span class='ocrx_word' id='word_1_224' title='bbox 1594 4849 1778 4932; x_wconf 91' lang='lat' dir='ltr'><strong>limitibus</strong></span> <span class='ocrx_word' id='word_1_225' title='bbox 1817 4850 1855 4932; x_wconf 93' lang='lat' dir='ltr'><strong>in</strong></span> <span class='ocrx_word' id='word_1_226' title='bbox 1891 4851 2019 4957; x_wconf 92' lang='lat' dir='ltr'><strong>amplo</strong></span> <span class='ocrx_word' id='word_1_227' title='bbox 2054 4851 2216 4958; x_wconf 90' lang='lat' dir='ltr'><strong>quodam</strong></span> <span class='ocrx_word' id='word_1_228' title='bbox 2249 4875 2405 4930; x_wconf 88' lang='lat' dir='ltr'><strong>recessu</strong></span> 
     </span>
    </p>
   </div>
   <div class='ocr_carea' id='block_1_13' title="bbox 785 5007 2406 5432">
    <p class='ocr_par' dir='ltr' id='par_1_15' title="bbox 785 5007 2406 5432">
     <span class='ocr_line' id='line_1_27' title="bbox 786 5007 2404 5126; baseline -0.002 -30"><span class='ocrx_word' id='word_1_229' title='bbox 786 5017 957 5100; x_wconf 90' lang='lat' dir='ltr'><strong>loramen</strong></span> <span class='ocrx_word' id='word_1_230' title='bbox 983 5007 1205 5114; x_wconf 78' lang='lat' dir='ltr'><strong>offenditur,</strong></span> <span class='ocrx_word' id='word_1_231' title='bbox 1238 5013 1429 5096; x_wconf 79' lang='lat' dir='ltr'><strong>fenestrae</strong></span> <span class='ocrx_word' id='word_1_232' title='bbox 1457 5015 1557 5098; x_wconf 86' lang='lat' dir='ltr'><strong>ovali</strong></span> <span class='ocrx_word' id='word_1_233' title='bbox 1571 5014 1841 5120; x_wconf 86' lang='lat' dir='ltr'><strong>respondens,</strong></span> <span class='ocrx_word' id='word_1_234' title='bbox 1871 5039 1989 5126; x_wconf 88' lang='lat' dir='ltr'><strong>equo</strong></span> <span class='ocrx_word' id='word_1_235' title='bbox 2007 5027 2159 5120; x_wconf 90' lang='lat' dir='ltr'><strong>stapes,</strong></span> <span class='ocrx_word' id='word_1_236' title='bbox 2190 5015 2404 5119; x_wconf 83' lang='lat' dir='ltr'><strong>elongatum</strong></span> 
     </span>
     <span class='ocr_line' id='line_1_28' title="bbox 786 5167 2405 5280; baseline -0.002 -26"><span class='ocrx_word' id='word_1_237' title='bbox 786 5198 831 5254; x_wconf 88' lang='lat' dir='ltr'><strong>ac</strong></span> <span class='ocrx_word' id='word_1_238' title='bbox 858 5172 1120 5254; x_wconf 89' lang='lat' dir='ltr'><strong>tenuissimum</strong></span> <span class='ocrx_word' id='word_1_239' title='bbox 1146 5171 1297 5252; x_wconf 88' lang='lat' dir='ltr'><strong>auditus</strong></span> <span class='ocrx_word' id='word_1_240' title='bbox 1326 5171 1532 5254; x_wconf 89' lang='lat' dir='ltr'><strong>ossiculum</strong></span> <span class='ocrx_word' id='word_1_241' title='bbox 1560 5172 1806 5274; x_wconf 88' lang='lat' dir='ltr'><strong>columellare</strong></span> <span class='ocrx_word' id='word_1_242' title='bbox 1825 5169 1867 5279; x_wconf 89' lang='lat' dir='ltr'><strong>(l.</strong></span> <span class='ocrx_word' id='word_1_243' title='bbox 1883 5199 1916 5251; x_wconf 87' lang='lat' dir='ltr'><strong>c.</strong></span> <span class='ocrx_word' id='word_1_244' title='bbox 1931 5169 1979 5280; x_wconf 87' lang='lat' dir='ltr'><strong>l.)</strong></span> <span class='ocrx_word' id='word_1_245' title='bbox 1998 5173 2045 5254; x_wconf 93' lang='lat' dir='ltr'><strong>ad</strong></span> <span class='ocrx_word' id='word_1_246' title='bbox 2063 5173 2251 5254; x_wconf 90' lang='lat' dir='ltr'><strong>internam</strong></span> <span class='ocrx_word' id='word_1_247' title='bbox 2270 5167 2405 5250; x_wconf 79' lang='lat' dir='ltr'><strong>faciem</strong></span> 
     </span>
     <span class='ocr_line' id='line_1_29' title="bbox 785 5321 2406 5432; baseline 0.002 -26"><span class='ocrx_word' id='word_1_248' title='bbox 785 5349 988 5432; x_wconf 88' lang='lat' dir='ltr'><strong>processus</strong></span> <span class='ocrx_word' id='word_1_249' title='bbox 1016 5324 1233 5406; x_wconf 89' lang='lat' dir='ltr'><strong>articularis</strong></span> <span class='ocrx_word' id='word_1_250' title='bbox 1261 5326 1361 5406; x_wconf 92' lang='lat' dir='ltr'><strong>ossis</strong></span> <span class='ocrx_word' id='word_1_251' title='bbox 1389 5336 1604 5432; x_wconf 90' lang='lat' dir='ltr'><strong>tempomm</strong></span> <span class='ocrx_word' id='word_1_252' title='bbox 1632 5323 1774 5423; x_wconf 87' lang='lat' dir='ltr'><strong>iertur,</strong></span> <span class='ocrx_word' id='word_1_253' title='bbox 1804 5335 1845 5406; x_wconf 90' lang='lat' dir='ltr'><strong>et</strong></span> <span class='ocrx_word' id='word_1_254' title='bbox 1871 5325 1944 5406; x_wconf 88' lang='lat' dir='ltr'><strong>sub</strong></span> <span class='ocrx_word' id='word_1_255' title='bbox 1971 5324 2045 5406; x_wconf 91' lang='lat' dir='ltr'><strong>hoc</strong></span> <span class='ocrx_word' id='word_1_256' title='bbox 2073 5321 2258 5407; x_wconf 79' lang='lat' dir='ltr'><strong>foramine</strong></span> <span class='ocrx_word' id='word_1_257' title='bbox 2283 5324 2406 5410; x_wconf 79' lang='lat' dir='ltr'><strong>alteru</strong></span> 
     </span>
    </p>
   </div>
   <div class='ocr_carea' id='block_1_14' title="bbox 786 5470 2402 5753">
    <p class='ocr_par' dir='ltr' id='par_1_16' title="bbox 786 5470 2402 5753">
     <span class='ocr_line' id='line_1_30' title="bbox 786 5470 2267 5596; baseline 0 -28"><span class='ocrx_word' id='word_1_258' title='bbox 786 5489 954 5574; x_wconf 83' lang='lat' dir='ltr'><strong>fenestra</strong></span> <span class='ocrx_word' id='word_1_259' title='bbox 981 5489 1162 5590; x_wconf 90' lang='lat' dir='ltr'><strong>rotunda,</strong></span> <span class='ocrx_word' id='word_1_260' title='bbox 1193 5492 1405 5596; x_wconf 91' lang='lat' dir='ltr'><strong>paullulum</strong></span> <span class='ocrx_word' id='word_1_261' title='bbox 1430 5489 1574 5595; x_wconf 87' lang='lat' dir='ltr'><strong>major,</strong></span> <span class='ocrx_word' id='word_1_262' title='bbox 1605 5490 1645 5570; x_wconf 93' lang='lat' dir='ltr'><strong>in</strong></span> <span class='ocrx_word' id='word_1_263' title='bbox 1670 5515 1804 5572; x_wconf 80' lang='lat' dir='ltr'><strong>carum</strong></span> <span class='ocrx_word' id='word_1_264' title='bbox 1831 5489 2010 5573; x_wconf 85' lang='lat' dir='ltr'><strong>uestibuli</strong></span> <span class='ocrx_word' id='word_1_265' title='bbox 2036 5489 2153 5570; x_wconf 92' lang='lat' dir='ltr'><strong>ducit.</strong></span> <span class='ocrx_word' id='word_1_266' title='bbox 2264 5470 2267 5480; x_wconf 34' lang='lat'>¹</span> 
     </span>
     <span class='ocr_line' id='line_1_31' title="bbox 807 5637 2402 5753; baseline -0.004 -29"><span class='ocrx_word' id='word_1_267' title='bbox 807 5679 810 5688; x_wconf 46' lang='lat'><strong><em>¹</em></strong></span> <span class='ocrx_word' id='word_1_268' title='bbox 839 5645 970 5726; x_wconf 79' lang='lat' dir='ltr'><strong>Altera</strong></span> <span class='ocrx_word' id='word_1_269' title='bbox 996 5646 1168 5727; x_wconf 83' lang='lat' dir='ltr'><strong>vertebra</strong></span> <span class='ocrx_word' id='word_1_270' title='bbox 1192 5644 1409 5753; x_wconf 75' lang='lat' dir='ltr'><strong>qustntorio</strong></span> <span class='ocrx_word' id='word_1_271' title='bbox 1426 5671 1449 5726; x_wconf 94' lang='lat' dir='ltr'><strong>e</strong></span> <span class='ocrx_word' id='word_1_272' title='bbox 1466 5669 1632 5750; x_wconf 91' lang='lat' dir='ltr'><strong>corpore</strong></span> <span class='ocrx_word' id='word_1_273' title='bbox 1651 5644 1750 5725; x_wconf 90' lang='lat' dir='ltr'><strong>ossis</strong></span> <span class='ocrx_word' id='word_1_274' title='bbox 1769 5643 1994 5749; x_wconf 88' lang='lat' dir='ltr'><strong>sphenoidei</strong></span> <span class='ocrx_word' id='word_1_275' title='bbox 2014 5641 2055 5751; x_wconf 88' lang='lat' dir='ltr'><strong>(l.</strong></span> <span class='ocrx_word' id='word_1_276' title='bbox 2071 5669 2105 5720; x_wconf 87' lang='lat' dir='ltr'><strong>c.</strong></span> <span class='ocrx_word' id='word_1_277' title='bbox 2118 5637 2402 5748; x_wconf 84' lang='lat' dir='ltr'><strong>d.)¹exstrneta,</strong></span> 
     </span>
    </p>
   </div>
   <div class='ocr_carea' id='block_1_15' title="bbox 716 5803 2405 6253">
    <p class='ocr_par' dir='ltr' id='par_1_17' title="bbox 716 5803 2405 6253">
     <span class='ocr_line' id='line_1_32' title="bbox 786 5803 2405 5916; baseline 0 -30"><span class='ocrx_word' id='word_1_278' title='bbox 786 5805 962 5912; x_wconf 89' lang='lat' dir='ltr'><strong>utrinqne</strong></span> <span class='ocrx_word' id='word_1_279' title='bbox 990 5810 1028 5890; x_wconf 91' lang='lat' dir='ltr'><strong>in</strong></span> <span class='ocrx_word' id='word_1_280' title='bbox 1054 5811 1149 5892; x_wconf 89' lang='lat' dir='ltr'><strong>duos</strong></span> <span class='ocrx_word' id='word_1_281' title='bbox 1176 5809 1346 5890; x_wconf 86' lang='lat' dir='ltr'><strong>excurrit</strong></span> <span class='ocrx_word' id='word_1_282' title='bbox 1372 5829 1601 5916; x_wconf 89' lang='lat' dir='ltr'><strong>processus,</strong></span> <span class='ocrx_word' id='word_1_283' title='bbox 1639 5810 1795 5916; x_wconf 90' lang='lat' dir='ltr'><strong>oblique</strong></span> <span class='ocrx_word' id='word_1_284' title='bbox 1829 5809 1878 5892; x_wconf 90' lang='lat' dir='ltr'><strong>ad</strong></span> <span class='ocrx_word' id='word_1_285' title='bbox 1911 5809 2107 5892; x_wconf 86' lang='lat' dir='ltr'><strong>exteriora</strong></span> <span class='ocrx_word' id='word_1_286' title='bbox 2133 5817 2174 5888; x_wconf 92' lang='lat' dir='ltr'><strong>et</strong></span> <span class='ocrx_word' id='word_1_287' title='bbox 2200 5804 2330 5910; x_wconf 94' lang='lat' dir='ltr'><strong>paullo</strong></span> <span class='ocrx_word' id='word_1_288' title='bbox 2357 5803 2405 5886; x_wconf 85' lang='lat' dir='ltr'><strong>ad</strong></span> 
     </span>
     <span class='ocr_line' id='line_1_33' title="bbox 787 5935 2405 6090; baseline -0.002 -40"><span class='ocrx_word' id='word_1_289' title='bbox 787 5967 970 6052; x_wconf 81' lang='lat' dir='ltr'><strong>inferiora</strong></span> <span class='ocrx_word' id='word_1_290' title='bbox 1002 5995 1206 6054; x_wconf 87' lang='lat' dir='ltr'><strong>conversos</strong></span> <span class='ocrx_word' id='word_1_291' title='bbox 1242 5973 1427 6080; x_wconf 90' lang='lat' dir='ltr'><strong>apiceque</strong></span> <span class='ocrx_word' id='word_1_292' title='bbox 1461 5971 1602 6054; x_wconf 89' lang='lat' dir='ltr'><strong>sensim</strong></span> <span class='ocrx_word' id='word_1_293' title='bbox 1636 5973 1795 6054; x_wconf 89' lang='lat' dir='ltr'><strong>latiores</strong></span> <span class='ocrx_word' id='word_1_294' title='bbox 1829 5996 1874 6054; x_wconf 89' lang='lat' dir='ltr'><strong>ac</strong></span> <span class='ocrx_word' id='word_1_295' title='bbox 1909 5973 2097 6067; x_wconf 90' lang='lat' dir='ltr'><strong>tumidos,</strong></span> <span class='ocrx_word' id='word_1_296' title='bbox 2134 5979 2177 6048; x_wconf 91' lang='lat' dir='ltr'><strong>ut</strong></span> <span class='ocrx_word' id='word_1_297' title='bbox 2202 5935 2405 6090; x_wconf 77' lang='lat' dir='ltr'><strong>processus</strong></span> 
     </span>
     <span class='ocr_line' id='line_1_34' title="bbox 716 6127 2405 6253; baseline -0.001 -43"><span class='ocrx_word' id='word_1_298' title='bbox 716 6212 730 6253; x_wconf 84' lang='lat'><strong>·,</strong></span> <span class='ocrx_word' id='word_1_299' title='bbox 785 6127 1024 6237; x_wconf 80' lang='lat' dir='ltr'><strong>pterygoidei</strong></span> <span class='ocrx_word' id='word_1_300' title='bbox 1057 6131 1234 6237; x_wconf 88' lang='lat' dir='ltr'><strong>utrinqne</strong></span> <span class='ocrx_word' id='word_1_301' title='bbox 1266 6132 1501 6214; x_wconf 91' lang='lat' dir='ltr'><strong>commodius</strong></span> <span class='ocrx_word' id='word_1_302' title='bbox 1528 6133 1585 6216; x_wconf 91' lang='lat' dir='ltr'><strong>eis</strong></span> <span class='ocrx_word' id='word_1_303' title='bbox 1612 6135 1854 6236; x_wconf 85' lang='lat' dir='ltr'><strong>incumbant;</strong></span> <span class='ocrx_word' id='word_1_304' title='bbox 1891 6149 1933 6218; x_wconf 86' lang='lat' dir='ltr'><strong>at</strong></span> <span class='ocrx_word' id='word_1_305' title='bbox 1960 6133 2086 6216; x_wconf 88' lang='lat' dir='ltr'><strong>media</strong></span> <span class='ocrx_word' id='word_1_306' title='bbox 2110 6132 2286 6239; x_wconf 91' lang='lat' dir='ltr'><strong>corporis</strong></span> <span class='ocrx_word' id='word_1_307' title='bbox 2313 6155 2405 6234; x_wconf 89' lang='lat' dir='ltr'><strong>pars</strong></span> 
     </span>
    </p>
   </div>
   <div class='ocr_carea' id='block_1_16' title="bbox 784 6280 2544 6395">
    <p class='ocr_par' dir='ltr' id='par_1_18' title="bbox 784 6280 2544 6395">
     <span class='ocr_line' id='line_1_35' title="bbox 784 6280 2544 6395; baseline -0.004 -29"><span class='ocrx_word' id='word_1_308' title='bbox 784 6285 954 6366; x_wconf 83' lang='lat' dir='ltr'><strong>anterior</strong></span> <span class='ocrx_word' id='word_1_309' title='bbox 980 6287 1018 6368; x_wconf 93' lang='lat' dir='ltr'><strong>in</strong></span> <span class='ocrx_word' id='word_1_310' title='bbox 1040 6285 1215 6392; x_wconf 60' lang='lat' dir='ltr'><strong>exiguum</strong></span> <span class='ocrx_word' id='word_1_311' title='bbox 1231 6286 1428 6390; x_wconf 85' lang='lat' dir='ltr'><strong>profertur</strong></span> <span class='ocrx_word' id='word_1_312' title='bbox 1445 6311 1667 6394; x_wconf 88' lang='lat' dir='ltr'><strong>pmcessum</strong></span> <span class='ocrx_word' id='word_1_313' title='bbox 1686 6291 1859 6395; x_wconf 88' lang='lat' dir='ltr'><strong>planum,</strong></span> <span class='ocrx_word' id='word_1_314' title='bbox 1890 6288 2103 6370; x_wconf 89' lang='lat' dir='ltr'><strong>rudimento</strong></span> <span class='ocrx_word' id='word_1_315' title='bbox 2120 6287 2271 6370; x_wconf 89' lang='lat' dir='ltr'><strong>cuidam</strong></span> <span class='ocrx_word' id='word_1_316' title='bbox 2289 6280 2405 6362; x_wconf 88' lang='lat' dir='ltr'><strong>rostri</strong></span> <span class='ocrx_word' id='word_1_317' title='bbox 2533 6288 2544 6304; x_wconf 81' lang='grc'><strong>“</strong></span> 
     </span>
    </p>
   </div>
   <div class='ocr_carea' id='block_1_17' title="bbox 784 6437 2404 6550">
    <p class='ocr_par' dir='ltr' id='par_1_19' title="bbox 784 6437 2404 6550">
     <span class='ocr_line' id='line_1_36' title="bbox 784 6437 2404 6550; baseline -0.001 -33"><span class='ocrx_word' id='word_1_318' title='bbox 784 6437 1064 6543; x_wconf 85' lang='lat' dir='ltr'><strong>sphenoidealis</strong></span> <span class='ocrx_word' id='word_1_319' title='bbox 1091 6442 1406 6545; x_wconf 88' lang='lat' dir='ltr'><strong>comparandum,</strong></span> <span class='ocrx_word' id='word_1_320' title='bbox 1438 6443 1539 6548; x_wconf 92' lang='lat' dir='ltr'><strong>quod</strong></span> <span class='ocrx_word' id='word_1_321' title='bbox 1569 6443 1606 6524; x_wconf 89' lang='lat' dir='ltr'><strong>in</strong></span> <span class='ocrx_word' id='word_1_322' title='bbox 1634 6444 1782 6550; x_wconf 89' lang='lat' dir='ltr'><strong>reliquo</strong></span> <span class='ocrx_word' id='word_1_323' title='bbox 1810 6467 1880 6525; x_wconf 92' lang='lat' dir='ltr'><strong>suo</strong></span> <span class='ocrx_word' id='word_1_324' title='bbox 1908 6445 2071 6526; x_wconf 88' lang='lat' dir='ltr'><strong>decursu</strong></span> <span class='ocrx_word' id='word_1_325' title='bbox 2095 6437 2404 6542; x_wconf 84' lang='lat' dir='ltr'><strong>cartilagineum,</strong></span> 
     </span>
    </p>
   </div>
   <div class='ocr_carea' id='block_1_18' title="bbox 0 0 2801 7748">
    <p class='ocr_par' dir='ltr' id='par_1_20' title="bbox 0 0 2801 7748">
     <span class='ocr_line' id='line_1_37' title="bbox 0 0 2801 7748; baseline 0 0"><span class='ocrx_word' id='word_1_326' title='bbox 0 0 2801 7748; x_wconf 95' lang='lat' dir='ltr'><strong> </strong></span> 
     </span>
    </p>
   </div>
  </div>
 </body>
</html>
