5582 7752
1401 735 1666 816 ..16-

722 927 803 1036 iam
819 925 1008 1012 Stratone
1024 932 1181 1004 auctore
1200 919 1273 1032 (*),
1301 918 1394 1002 boue
1412 919 1620 1020 medimnos
1638 917 1854 1026 sexaginta,
1876 918 2147 1004 frumentume
2164 921 2314 1008 semine
2324 983 2335 1024 ,

725 1087 828 1196 qrrod
861 1111 910 1167 ex
935 1081 1053 1166 orista
1078 1080 1242 1180 excidit,
1284 1079 1533 1179 nascebatur,
1573 1079 1612 1160 in
1638 1077 1838 1160 arboribus
1866 1079 2012 1186 apiaria
2038 1080 2260 1182 exstabant,
2297 1095 2340 1166 ot

724 1241 802 1324 mel
826 1239 873 1320 de
901 1233 1002 1320 loliis
1028 1234 1181 1334 fluebat,
1211 1233 1313 1342 qnod
1340 1231 1498 1316 forsitan
1516 1233 1702 1342 intelligas
1720 1233 1851 1340 potius
1868 1232 1916 1314 de
1934 1232 2073 1348 Allogi
2090 1234 2335 1336 Cerceiorum,

725 1395 849 1502 deque
875 1415 1011 1472 manna
1045 1389 1084 1469 in
1119 1413 1167 1470 eo
1203 1389 1391 1491 collecta;
1427 1362 1652 1498 ceteroquin
1681 1387 1762 1494 jam
1796 1388 1846 1470 ab
1890 1387 2103 1494 Aristobulo
2142 1391 2244 1474 dicta
2278 1405 2349 1474 est.

724 1549 899 1656 sylvosa3
937 1542 1142 1652 praecipue
1175 1541 1361 1642 Quercens
1395 1539 1589 1651 (nostram
1615 1543 1785 1650 speciem
1799 1529 2163 1653 vcontortooesoliom)
2192 1543 2339 1628 ferebat

725 1724 766 1795 ot
792 1710 914 1794 adbuc
942 1707 1039 1810 sert,
1070 1707 1193 1788 Piceo
1218 1733 1310 1790 vero
1322 1767 1334 1807 ,
1363 1705 1491 1788 Atietc
1517 1718 1557 1788 et
1584 1705 1686 1788 Pico
1712 1711 1832 1788 caret.

778 1868 912 1952 Persis
939 1880 1066 1952 mmen
1091 1868 1187 1948 nihil
1213 1891 1310 1974 opus
1336 1891 1424 1948 esse
1450 1865 1600 1948 videtur
1627 1863 1746 1966 mari,
1776 1889 1863 1946 oum
1888 1889 1936 1946 ne
1964 1875 2068 1948 terra
2094 1841 2271 1973 (pridem,
2295 1879 2338 1951 ut

671 2109 676 2126 ,
724 2053 796 2138 par
821 2038 896 2125 est,
925 2035 1092 2125 utantur,
1122 2051 1220 2134 quae
1248 2024 1400 2132 quidem
1426 2024 1548 2106 omnis
1568 2023 1718 2131 generis
1738 2021 1916 2123 fructum,
1946 2024 2063 2104 etiam
2080 2026 2333 2128 mitissimum,

725 2183 896 2294 profert3
932 2185 1018 2268 inde
1045 2209 1196 2294 qumque
1222 2209 1327 2264 mare
1354 2207 1430 2264 noo
1457 2183 1652 2290 navigatur
1678 2183 1752 2262 nisi
1781 2181 1989 2264 rarioribus
2016 2185 2201 2283 camaris,
2240 2185 2336 2266 Pcr-

724 2371 853 2425 sarum
879 2343 1043 2425 sandalis
1070 2343 1198 2442 dictis,
1228 2341 1364 2450 quibus
1392 2367 1538 2424 memes
1566 2341 1606 2422 in
1632 2367 1739 2424 oram
1766 2342 2117 2450 septentrionalem,
2147 2341 2336 2426 ioAstra-

722 2463 885 2584 charrum
910 2503 1046 2585 urbem
1071 2500 1250 2600 evehunt,
1280 2512 1487 2608 mutuoque
1513 2501 1741 2582 commercio
1770 2499 1933 2581 rossicas
1951 2499 2152 2600 invehuut3
2182 2526 2258 2608 quo
2276 2501 2332 2604 lit,
2435 2506 2438 2514 ’

723 2672 766 2742 ut
792 2661 1025 2742 rossicorum
1051 2684 1202 2767 quoque
1229 2671 1485 2741 mercatorum
1510 2685 1624 2742 naves
1652 2661 1823 2742 dissitam
1849 2661 2077 2768 Hyrcaniam
2102 2663 2297 2744 accedant.

776 2824 1010 2908 Paucissima
1036 2833 1169 2904 eontra
1186 2822 1309 2903 omnis
1337 2821 1534 2914 orientalis
1561 2846 1631 2902 cra
1656 2821 1792 2930 gignit„
1817 2819 2003 2904 sumtibus
2029 2847 2185 2925 carens5
2214 2849 2336 2930 pauca

723 2985 839 3066 etiam
864 2981 1097 3066 contermina
1124 2981 1179 3060 illi
1206 2979 1539 3086 septentrionalis,
1577 2979 1753 3082 similiter
1772 2963 1886 3064 'arida
1917 3007 2174 3090 arencsaque;
2211 3009 2335 3092 nequo

724 3136 887 3216 ullarum
914 3133 1095 3213 arborum
1120 3145 1347 3239 proventum
1373 3133 1436 3214 hic
1464 3133 1657 3242 reperies;
1688 3133 1823 3216 desunt
1851 3159 2002 3242 quoque
2028 3135 2176 3240 sylvae,
2205 3149 2331 3243 prata,

679 3347 680 3352 a
722 3288 837 3370 immo
872 3311 987 3393 parce
1022 3283 1219 3367 herbidosi
1255 3287 1379 3394 campi
1415 3247 1622 3396 omnesgue
1648 3267 1820 3396 paludes.
1858 3287 1966 3368 Hanc
1993 3287 2200 3396 praecipue
2227 3315 2334 3373 oram

720 3456 876 3554 praeter
907 3443 1126 3526 Colmuccos
1157 3445 1326 3527 Cosocci
1358 3473 1509 3558 quoque
1541 3450 1742 3531 Urolcoscs
1778 3460 1930 3547 tenent,
1970 3440 2035 3558 qui
2069 3449 2231 3555 piscium
2255 3478 2335 3536 ma·
2458 3467 2464 3477 '
2568 3463 2572 3472 “

716 3601 846 3709 jorum
879 3613 1062 3710 capturae
1089 3575 1249 3687 studiosi
1261 3665 1272 3704 ,
1310 3631 1441 3686 curam
1468 3631 1619 3714 quoque
1645 3605 1866 3712 impendunt
1892 3606 2083 3687 venationi
2110 3605 2269 3692 Olorum
2296 3611 2334 3692 in

720 3766 851 3846 littore
879 3766 1069 3863 orientali,
1100 3768 1149 3848 ad
1175 3767 1298 3845 sinum
1324 3768 1509 3864 llarassu,
1540 3767 1606 3846 ubi
1632 3791 1776 3872 pennas
1804 3791 1940 3848 eorum
1966 3793 2102 3875 magna
2121 3772 2236 3875 copia
2252 3774 2333 3853 col-

721 3925 855 4007 lectas'
876 3937 917 4008 et
948 3925 1059 4030 juxta
1093 3924 1305 4008 albedinem
1332 3926 1629 4034 vexillorumque
1656 3925 1926 4053 longitudinem
1953 3931 2058 4012 varie
2086 3931 2330 4034 aestimatas,

720 4107 855 4192 magno
882 4092 925 4161 ut
950 4081 1155 4187 plurimum
1182 4081 1307 4186 pretio
1324 4081 1597 4181 divenduntur3
1617 4085 1812 4165 'venantur
1830 4082 1970 4166 ibidem
1986 4082 2122 4178 Olores
2142 4099 2330 4197 tempore,

719 4271 795 4354 quo
828 4269 975 4352 pennae
1002 4242 1168 4324 defluunt
1194 4240 1264 4339 iis,
1303 4265 1400 4348 quae
1428 4241 1515 4322 dein
1541 4242 1702 4323 volando
1729 4269 1806 4323 non
1833 4256 1947 4350 aptae
1974 4273 2088 4328 manu
2114 4249 2328 4357 capiuntur.
2387 4323 2392 4334 ,

772 4400 896 4482 Aliter
923 4423 1014 4482 vero
1042 4423 1128 4478 sese
1156 4395 1275 4478 habet
1301 4396 1545 4477 occidentalis
1574 4422 1666 4496 ora,
1708 4403 2009 4505 septentrionem
2035 4417 2236 4510 spectans,
2267 4432 2333 4486 an·

719 4560 865 4667 tiquam
899 4557 1030 4664 itaque
1064 4553 1263 4635 Albaniam
1298 4554 1396 4634 mari
1431 4553 1644 4660 proximam
1679 4554 1759 4636 sive
1795 4555 2017 4638 hodiernam
2043 4560 2332 4670 Dagestauicam

718 4721 976 4828 provinciam,
1014 4717 1197 4827 praealtis
1233 4715 1391 4821 rupibus
1428 4715 1662 4797 inaccessam
1694 4716 1899 4840 multisque
1926 4720 2098 4801 amnibus
2126 4722 2328 4830 irriguam,

717 4882 989 4987 complectens,
1018 4879 1085 4959 rubi
1111 4875 1257 4984 passim
1284 4855 1508 4980 interruptis
1536 4885 1695 4982 angusto
1722 4876 1887 4956 transitu
1902 4841 2017 4984 jugis,
2047 4879 2170 4961 utrix
2187 4880 2332 4988 singola

717 5040 845 5112 meent
871 5030 1066 5135 plaustra,
1095 5021 1306 5109 lentilitatis
1335 5026 1500 5134 inclytae
1526 5045 1764 5134 magnaeque¹
1786 5028 2001 5134 apricitatis
2030 5031 2137 5130 loca,
2167 5032 2330 5140 undique

716 5179 861 5290 passim
878 5177 1024 5259 inclusa
1040 5178 1232 5259 montibus
1251 5179 1419 5261 amoenis
1437 5188 1664 5279 cernuntur;
1694 5180 1895 5261 multitudo
1914 5192 2085 5262 ceterum
2101 5183 2331 5288 populorum

724 5350 765 5422 et
791 5336 952 5418 noilium
978 5360 1130 5445 quoque
1157 5335 1349 5418 fluminum
1378 5336 1519 5418 ibidem
1544 5335 1626 5441 jam
1651 5362 1771 5443 supra
1797 5347 2097 5418 commemorata
2123 5347 2198 5417 est.
2229 5445 2232 5450 Ι

768 5499 913 5597 Quibus
949 5498 1104 5615 quidem
1137 5499 1176 5578 in
1202 5498 1296 5579 locis
1324 5499 1491 5578 omnium
1519 5495 1745 5580 ferocissimi
1772 5497 1944 5579 littorum
1971 5508 2124 5580 exstant
2150 5497 2326 5597 accolae,

715 5649 877 5744 saevitia
893 5661 1103 5762 notabiles3
1124 5671 1165 5742 at
1181 5659 1346 5778 pristino
1364 5686 1458 5742 aevo
1476 5659 1516 5740 in
1533 5660 1713 5766 opposita
1729 5658 1859 5776 potius
1878 5684 1948 5742 ora
1966 5659 2143 5743 orientali
2160 5657 2330 5768 scythico

716 5819 1055 5928 anthropophagos
1081 5829 1213 5928 gentes
1242 5820 1478 5918 insidebant,
1507 5817 1681 5916 humanis
1709 5816 1934 5924 corporibus
1962 5827 2172 5899 vescentes.

767 5983 895 6065 «Ideo
912 5980 1024 6086 juxta
1040 5993 1172 6066 vastae
1189 5981 1411 6064 solitudines
1431 5979 1672 6089 terarumque
1690 5951 1907 6080 multitudo,
1929 5990 2085 6063 auctore
2105 5979 2233 6062 Plinio
2243 5979 2321 6088 (**),

745 6277 748 6287 ’
773 6234 784 6260 ⁶
820 6235 860 6308 L.
884 6264 916 6307 c.

757 6235 815 6468 ἓξ)
837 6357 873 6442 L·
897 6397 928 6442 e·
957 6377 1014 6444 lib.
1041 6349 1086 6442 vr,
1111 6399 1182 6462 cap.
1212 6371 1263 6446 17.
