5582 7752
1211 785 1267 858 -’
1317 794 1343 876 5
1394 839 1449 868 -,

520 988 760 1097 Cyclopicam
795 991 1015 1065 onarrmtes
1056 981 1204 1074 uitandi
1244 975 1458 1082 rationem:
1500 1003 1588 1081 nam
1611 978 1800 1058 consitum
1833 977 1880 1058 ad
1904 978 2012 1058 ostia
2046 977 2135 1086 Gyri

520 1145 643 1228 amnis
668 1167 799 1254 agrm
826 1139 954 1220 lerunt
980 1139 1121 1234 semel,
1152 1137 1218 1222 bis.
1239 1134 1440 1242 prolerre,
1476 1148 1543 1216 ant
1569 1135 1685 1219 etiam
1718 1145 1779 1216 ter'
1807 1131 1953 1242 irugam'
1976 1147 2017 1215 et
2043 1161 2134 1218 sane

518 1303 645 1412 primo
673 1305 1001 1413 quinquagenam,
1030 1323 1099 1381 nec
1134 1299 1239 1380 illum
1273 1289 1470 1400 renovari,
1501 1323 1571 1418 nec
1598 1297 1725 1395 ferro,
1762 1297 1828 1380 sed
1855 1299 1978 1406 ligneo
2005 1313 2153 1382 aratro.

519 1465 725 1574 proscindi.
765 1464 908 1546 Eadem
941 1459 1055 1543 hodie
1088 1462 1126 1541 in
1153 1461 1236 1542 istis
1255 1441 1479 1570 'regionum
1505 1423 1733 1543 observatur
1758 1460 1959 1561 fertilitas,
1990 1475 2030 1544 at
2049 1453 2134 1550 'ma-
2162 1531 2165 1536 ι
2210 1545 2216 1558 χ

494 1591 582 1727 ¹jor
608 1621 818 1704 incolarum
844 1617 1037 1725 segnities.
1087 1643 1089 1650 ·
1585 1719 1590 1732 .

570 1779 732 1887 Rigatur
758 1775 906 1858 scilicet
933 1785 1014 1855 aa
1033 1774 1217 1880 planities
1244 1754 1457 1854 nunninus
1485 1771 1646 1881 aliisque
1672 1775 1805 1882 aquis,
1841 1773 1959 1882 magas·
1992 1778 2131 1878 aaran,
2267 1845 2269 1850 ,

518 1935 706 2017 Str'adoaa
738 1945 918 2041 anctore,
957 1957 1070 2038 quam
1096 1931 1328 2038 Babylonica
1361 1941 1428 2012 ant
1453 1930 1653 2038 Aegyptia.
1694 1931 1830 2040 Itaque
1863 1957 1949 2013 cnm
1982 1956 2136 2038 semper

513 2049 773 2188 herba-drot,
799 2087 951 2193 pascuis
971 2087 1174 2194 valdopere
1192 2097 1253 2170 est
1271 2073 1384 2193 apta3
1413 2087 1514 2174 adria
1533 2111 1685 2195 qnoque
1702 2087 1857 2184 melior,
1879 2113 1991 2194 Qum
2008 2088 2135 2171 isthuc
2181 2107 2185 2114 '

472 2259 474 2264 ’
516 2245 743 2351 temperies,
780 2245 877 2325 vites
904 2269 1094 2351 nunquam
1121 2243 1273 2337 omnino
1299 2223 1515 2341 fodiuntur,
1545 2241 1800 2350 quinquennio
1825 2255 1959 2324 exacto
1978 2241 2135 2324 demnrir

515 2413 699 2508 putanmr
714 2399 798 2511 (*);
815 2412 947 2507 vegeta
963 2410 1050 2481 sunt
1064 2401 1179 2480 etiam
1193 2399 1293 2506 apud
1307 2423 1375 2480 eos
1389 2399 1567 2480 animalia
1579 2409 1659 2501 tam
1671 2409 1890 2496 mansueta,
1906 2421 2019 2506 qnam
2034 2397 2130 2482 lara.

538 2627 545 2673 z
567 2539 706 2638 didaci
741 2556 893 2662 pristini
932 2554 1069 2660 jaculis
1110 2555 1316 2638 utebantur
1355 2567 1396 2636 et
1428 2554 1601 2666 sagittis,
1645 2553 1823 2652 thoraces
1856 2553 2056 2662 gestabant
2088 2553 2134 2638 a'c

513 2717 670 2822 clypeos
697 2725 738 2794 et
764 2713 890 2820 galeas
920 2673 1082 2810 ferinas,
1121 2711 1251 2794 itidem
1286 2722 1330 2792 ut
1365 2711 1494 2809 lbcri3
1531 2699 1649 2792 hodie
1672 2735 1772 2790 vero
1791 2709 1999 2792 Persarum
2026 2713 2133 2810 more

512 2864 649 2946 armati
663 2863 909 2970 Rossiaeque
936 2858 1074 2958 dediti,
1104 2861 1190 2965 paci
1207 2859 1358 2974 potius,
1389 2885 1503 2966 mam
1518 2858 1622 2940 bollo
1639 2859 1816 2958 student}
1844 2871 1886 2940 ct
1902 2823 2133 2951 relutiacra
2182 2863 2185 2870 ’

513 3019 579 3100 illo
606 3017 870 3128 antiquissimo
899 3015 1048 3115 Solem,
1083 3017 1238 3114 lovem,
1267 3013 1433 3114 Lunam,
1471 3025 1512 3096 et
1539 3013 1637 3096 hanc
1663 3017 1817 3124 quidem
1843 3019 2049 3125 praecipue
2071 3022 2149 3102 iii-'-

511 3170 710 3267 colabcnt,
740 3171 797 3251 sic
820 3180 962 3250 nostra*
977 3169 1161 3250 memoria
1184 3167 1443 3251 Muhammedi
1471 3157 1642 3250 asseclae
1670 3169 1821 3252 unicum
1836 3168 1972 3252 nem
1995 3169 2043 3252 0.
2070 3171 2127 3256 it.
2284 3151 2289 3164 ⁸

510 3320 665 3418 colunt;
700 3329 742 3398 at
768 3318 863 3428 gnis
890 3299 1132 3415 adoratores,
1163 3319 1296 3424 quales
1326 3316 1483 3400 Claudii
1498 3317 1716 3421 Ptolemaei
1727 3343 1833 3402 ,aevo
1862 3321 1902 3401 in
1928 3319 2132 3404 Sallianico

446 3553 448 3557 ,
511 3494 602 3578 agro
616 3493 702 3552 aras
722 3465 1192 3564 Sabaeascustodiebant,
1213 3477 1346 3548 nostro
1356 3467 1475 3548 etiam
1488 3491 1585 3550 aevo
1602 3477 1754 3548 erstem
1767 3468 1807 3548 in
1819 3468 2022 3576 Bacuensis
2040 3497 2151 3580 pro-v

509 3633 656 3716 vinciae
682 3631 880 3739 peninsula
902 3627 1207 3727 dbsclieronioa,
1237 3629 1303 3710 ubi
1321 3629 1473 3735 qrridem
1490 3629 1621 3712 indico
1636 3657 1729 3744 gepa
1747 3657 1817 3738 gaz
1835 3631 2129 3741 luydrogenium,

508 3821 532 3878 e
558 3795 792 3900 sempiterno
819 3791 925 3872 fonte
951 3793 991 3870 in
1017 3791 1234 3874 sanctuario
1261 3791 1443 3872 ludorum
1469 3749 1687 3900 dtesehgalr
1719 3797 2132 3914 splendidissima-luce

508 3929 709 4052 emanans,
746 3949 958 4044 Vestalium
991 3946 1073 4030 lere
1107 3971 1214 4030 more
1247 3960 1436 4054 perpetuo
1470 3960 1599 4048 servat
1631 3951 1774 4058 piaque
1800 3945 1983 4042 custodit.
2023 3956 2132 4042 Nunc

508 4133 600 4190 vero
618 4105 772 4190 ,omnes'
786 4106 870 4186 illas
893 4103 1071 4212 planitias
1089 4103 1222 4210 caspio
1239 4104 1334 4184 mari
1351 4105 1402 4186 ab
1418 4105 1834 4206 occidentefinitimas,
1864 4110 2018 4196 indeed)
2035 4115 2131 4198 urbe

506 4267 613 4348 Cnha
639 4269 687 4348 ad
712 4267 957 4349 Derbendum
984 4289 1115 4368 ,arcem
1145 4277 1186 4344 et
1213 4264 1369 4344 Tarkhn
1401 4268 1535 4348 urbem
1568 4293 1690 4372 usqne
1723 4281 1923 4378 extensas,
1960 4277 2131 4360 incolunt

428 4444 433 4454 ·
507 4419 799 4516 insectaturi,
838 4418 974 4526 quibus
1009 4441 1161 4526 quoqne
1194 4395 1418 4500 adnumeres
1452 4418 1558 4524 ipsos
1593 4417 1829 4526 Kumyccos,
1865 4421 2021 4506 Kisluri'
2043 4381 2129 4510 urci
2240 4389 2245 4406 ’

451 4627 454 4636 .
507 4575 666 4658 vicinos.
856 4558 858 4563 ¹
1522 4551 1524 4558 ¹

559 4739 605 4820 ln
637 4737 829 4820 montibus
863 4759 978 4834 vero,
1016 4735 1081 4842 qui
1103 4751 1232 4842 supra
1259 4729 1457 4818 Albaniam
1490 4735 1555 4816 siti
1587 4748 1698 4836 sunt,
1736 4737 1809 4818 alia
1844 4759 1937 4844 gens
1950 4741 2128 4848 dcsgdroa

505 4899 622 4982 vitam
647 4897 751 5005 degit
766 4889 982 4996 'bellicosaa
1003 4895 1174 4976 incensa
1200 4905 1262 4975 est
1278 4894 1449 4975 loconrm
1465 4895 1675 5000 asperitas,
1705 4921 1803 5002 qnae
1820 4889 1980 5002 impedit
1989 4891 2009 4996 ,³
2020 4915 2145 5006 quo-

505 5049 627 5129 minus
657 5048 748 5158 colis
765 5046 840 5126 rite
870 5044 1052 5151 possint3
1090 5042 1314 5149 campestris
1350 5042 1482 5151 itaque
1516 5043 1836 5164 agriculturaeot
1865 5046 1971 5150 pacis
2001 5046 2125 5128 minna
2175 5129 2180 5142 ,

471 5196 676 5282 ¹studiosa
710 5223 825 5306 gens,
861 5199 969 5304 enjus
1005 5199 1114 5282 sedes
1134 5197 1399 5305 'utplurimum
1439 5211 1613 5296 montosa
1651 5225 1839 5299 nemora,
1870 5202 2029 5302 libera,
2046 5265 2049 5276 .
2066 5204 2125 5286 in»

504 5359 669 5461 domita,
700 5359 872 5442 immanis
900 5371 942 5460 et
967 5371 1100 5459 atrox,
1130 5359 1316 5468 imprimis
1343 5360 1587 5467 amplectitur
1613 5361 1781 5486 Avares,
1812 5360 2121 5474 liasilompcc'os,

503 5513 715 5614 Acascdds,
736 5515 1136 5622 'Karailsata'cllarses,
1164 5517 1538 5616 Talasscraacases,
1565 5521 1715 5621 Andos,
1731 5517 2043 5620 lio't'ssudaliaad,
2060 5549 2124 5606 ac-
2188 5555 2191 5564 ·
2333 5491 2335 5498 Α

503 5681 607 5765 colas
625 5676 911 5769 deinSamurae
929 5677 1135 5779 torrentis,
1167 5705 1213 5764 ac
1229 5705 1452 5764 mmerosas
1470 5677 1564 5764 alias
1591 5685 1715 5766 tribus
1733 5654 1797 5793 (Ἴ
1808 5677 1957 5790 ,porro
1976 5677 2120 5776 celeras

546 5957 599 6050 (')
622 5955 708 6040 Quas
737 5981 844 6024 omnes
869 5981 954 6026 xxxv
982 5938 1136 6042 numero,
1159 5962 1350 6056 reliquarum
1377 5963 1491 6044 instar,
1523 5962 1627 6040 videas
1653 5964 1686 6028 in
1709 5964 1821 6060 .clrarta
1849 5905 2075 6062 geographica,
2104 5983 2122 6029 a

503 6091 551 6134 me
572 6068 658 6134 edita·
676 6069 710 6132 in
731 6069 831 6134 libro:
856 6065 941 6134 Ata
966 6067 1175 6161 Gcograplrie
1196 6067 1255 6137 des
1277 6069 1466 6159 Kaukasos.
1490 6069 1593 6136 Berlin
1621 6066 1716 6134 1837.
1898 6145 1901 6153 Ι
2039 6143 2042 6152 g

545 6175 602 6284 (Ἴ
630 6173 805 6246 Strabonis
827 6175 1003 6266 Geograph.
1021 6179 1079 6244 lib.
1104 6176 1163 6244 Xl.
1190 6203 1260 6266 cap.
1286 6177 1320 6274 4.
1344 6183 1371 6262 S.
1396 6177 1470 6247 3ex
1492 6182 1568 6246 edit.
1595 6177 1626 6246 J.
1651 6177 1688 6247 Ρ.
1711 6177 1920 6250 Sicbenlees.
1944 6179 2033 6247 Tam.
2060 6175 2117 6248 iv.

502 6317 572 6384 ass·
598 6289 678 6358 424·
1920 6303 1925 6312 '
1974 6294 1978 6307 ⁴

611 6409 783 6467 Ercnwanu
801 6410 890 6468 Faun.
912 6429 987 6487 casp.
1008 6429 1084 6468 caue.
1960 6420 1976 6468 2
