5628 7750
1439 763 1702 840 -82..

607 1054 609 1062 Ι
760 950 904 1032 vertisse
931 961 1110 1056 pertusa,
1130 945 1359 1054 =posteriora
1387 953 1586 1028 remearet
1613 944 1804 1062 anteriora
1820 943 2138 1050 iarbngixshuix
2155 951 2384 1048 pibceasam·

761 1104 936 1210 utrinque
964 1111 1182 1197 excurrunt,
1212 1101 1291 1206 qui,
1324 1101 1582 1182 intercedente
1606 1125 1693 1180 osse
1712 1099 1923 1181 mastoideo
1942 1098 2095 1196 latiore,
2116 1099 2166 1178 ab
2184 1098 2378 1182 artictdsxi

761 1268 1071 1373 pinuessnoaqis
1093 1277 1320 1371 temporum
1356 1265 1565 1370 eacipitnrq
1605 1287 1693 1344 ossa
1730 1261 1896 1360 frantiae
1927 1265 1974 1343 ad
2010 1263 2164 1349 minima
2196 1263 2378 1370 miseriam

760 1417 1025 1524 diremptionis
1053 1416 1240 1521 pristinae
1264 1415 1423 1520 uestigia
1442 1415 1655 1512 anteriora,
1686 1415 1839 1494 omniuo
1859 1413 1939 1496 iere
1957 1415 2162 1520 conjuncta
2179 1416 2380 1522 medioque

761 1577 868 1660 viride
893 1585 1113 1672 coarctata,
1143 1585 1186 1662 tri
1204 1575 1332 1682 itaque
1350 1575 1390 1654 in
1407 1573 1660 1654 anterioribus
1679 1573 1817 1654 latiore
1835 1574 1932 1672 sint,
1962 1599 2078 1682 qmm
2093 1575 2226 1656 eadetn
2243 1573 2380 1656 Psoni-

760 1737 930 1825 muscum
954 1759 1069 1832 ossa,
1109 1734 1325 1842 ibidemque
1351 1730 1545 1840 excipiant
1572 1733 1778 1814 ossiculum
1805 1735 2086 1840 supraorbitale
2114 1735 2377 1830 latinsmdnm,

763 1899 952 1978 aiminus
981 1896 1258 2002 prominulum,
1296 1920 1409 2002 quam
1443 1896 1481 1974 in
1518 1895 1835 1990 Psammosasrm
1871 1893 1971 1974 inter
2007 1893 2080 1974 boe
2105 1905 2309 2000 utrumqne
2333 1911 2382 1974 os

761 2053 1018 2136 etlinioidenm
1046 2054 1204 2134 lateraie
1231 2072 1317 2132 cnm
1343 2072 1433 2132 osse
1459 2051 1542 2130 nasi
1568 2051 1790 2131 continuum
1809 2050 1923 2128 sitnm
1940 2059 2001 2132 est
2015 2061 2059 2130 ct
2078 2049 2212 2132 lacten
2230 2053 2381 2157 planam

760 2212 1017 2318 devexamque
1043 2205 1178 2306 officit,
1222 2209 1294 2289 sub
1321 2233 1404 2316 qua·
1423 2209 1574 2290 demum
1599 2231 1735 2305 nares,
1774 2229 1959 2314 processu
1985 2209 2111 2289 medio
2137 2209 2235 2290 ossis
2264 2211 2382 2290 inter-

761 2325 968 2449 maxillaris
996 2367 1245 2452 adscendente
1272 2366 1322 2444 ab
1349 2365 1510 2446 invicem
1537 2365 1771 2471 diremptae,
1802 2365 1912 2446 sitae.
2318 2469 2321 2482 Ι

792 2532 866 2614 'Os
903 2531 989 2613 dein
1006 2569 1011 2578 ·
1021 2529 1152 2636 jugale
1183 2529 1326 2610 duabus
1354 2529 1552 2634 particulis
1581 2529 1813 2611 intermediis
1840 2529 1963 2608 multo
1990 2527 2190 2610 latioribus
2218 2541 2259 2610 et
2286 2531 2379 2610 rali-

762 2691 932 2772 dioribns
956 2689 1111 2770 excellit
1128 2701 1148 2787 ,¹
1182 2689 1303 2770 altera
1340 2689 1557 2794 posteriore
1595 2689 1854 2795 subquadreta
1892 2701 2103 2768 extremam
2126 2687 2206 2794 jugi
2234 2697 2381 2794 partem

763 2855 950 2962 posticam
985 2865 1136 2933 iernen
1172 2865 1212 2933 et
1247 2853 1445 2934 incurram·
1474 2851 1688 2958 excipiente
1715 2865 1756 2935 et
1783 2855 1830 2934 ad
1857 2875 1901 2934 os
1927 2855 2116 2960 parietate
2143 2855 2381 2960 alteramque

763 3027 912 3120 partem
937 3013 1102 3119 jugalem
1129 3011 1359 3094 anteriorem
1387 3013 1614 3112 accedente,
1655 3035 1752 3120 quae
1790 3037 1880 3094 vero
1915 3011 2157 3096 multiformis
2185 3026 2226 3096 et
2251 3013 2381 3120 potius

764 3173 939 3283 elongata
957 3188 1038 3273 est,
1060 3183 1174 3282 atque
1193 3173 1243 3255 ab
1260 3167 1442 3256 inie'iiore
1460 3171 1609 3256 orbitae
1629 3173 1768 3254 limites
1786 3169 1972 3272 coefficit,
1993 3171 2183 3280 superiori
2205 3173 2381 3256 maxillae

765 3333 904 3414 ibidem
932 3331 1083 3412 insimul
1109 3330 1341 3412 incumbens.
1372 3328 1442 3411 Cui
1469 3349 1622 3440 quoque
1649 3353 1672 3412 a
1699 3331 1897 3438 superiore
1924 3331 2128 3414 ossiculum
2156 3331 2378 3438 lacrymale,

765 3493 812 3573 ad
827 3492 956 3598 jugum
973 3510 1124 3572 osseum
1144 3489 1299 3586 latiens,
1325 3501 1365 3572 et
1383 3487 1436 3570 ab·
1450 3489 1617 3570 ossiculo
1636 3489 1907 3596 sopraorbitali
1925 3496 2160 3589 contectum,
2182 3489 2378 3572 adhaeret

764 3641 826 3720 Os·
846 3641 1089 3748 quadratum,
1123 3641 1174 3718 ab
1199 3640 1396 3720 articulari
1423 3654 1608 3744 processu
1636 3653 1850 3746 temporum
1873 3653 2127 3740 exstructum,
2158 3643 2382 3722 latissimum

765 3813 847 3898 cst,
884 3801 1040 3905 pianum
1067 3826 1113 3881 ac
1138 3811 1274 3898 tenue,
1314 3799 1551 3907 planitieque
1576 3801 1727 3905 postica
1754 3801 1878 3881 medio
1912 3803 2149 3906 prominula,
2188 3811 2228 3882 et
2254 3802 2383 3881 carina

765 3951 906 4032 itidem
933 3953 1146 4050 imtrmrr,
1171 3952 1381 4032 *exmnora
1407 3971 1540 4034 aereus
1577 3953 1834 4032 membranam
1870 3954 2039 4060 tympani
2072 3952 2174 4060 figit,
2218 3953 2383 4036 ossienlo

766 4111 942 4218 elongate
960 4111 1288 4218 tenendaeque,
1327 4111 1497 4218 stapedis
1534 4112 1678 4192 vicibus
1716 4111 1916 4222 fingente,
1953 4139 1976 4195 a
2011 4114 2180 4199 lenestra
2206 4118 2306 4197 evuli
2334 4119 2382 4197 ad

768 4273 909 4354 hancce
936 4275 1193 4358 membranam
1220 4274 1484 4355 descendente.

787 4447 872 4530 ‘'Os
901 4449 1289 4556 spbenoideumcnm
1315 4447 1382 4530 illo
1410 4451 1584 4557 occipitia
1614 4453 1744 4536 intime
1770 4453 1962 4558 junctum,
1992 4455 2040 4536 ad
2066 4469 2268 4562 utrumque
2293 4432 2384 4562 pro-

767 4627 917 4686 cessum
943 4607 1253 4714 pterygoidenm,
1292 4607 1392 4688 inter
1419 4632 1514 4715 quos
1543 4605 1652 4716 qnasi
1687 4607 1926 4692 incuneatnm
1961 4623 2044 4710 est,
2083 4615 2283 4718 parrnlrun
2318 4613 2383 4694 de·
2537 4699 2541 4704 ,

761 4763 884 4843 mittit
910 4785 1155 4873 processum,
1177 4765 1318 4846 tertio'¹
1331 4764 1556 4848 intermedio
1583 4767 1886 4876 brevissimoque
1913 4768 2104 4849 anteriore
2131 4763 2266 4850 uersus
2294 4793 2384 4876 pro·

764 4923 944 5027 ce'denie3
968 4901 1205 5036 pterpgoidei
1217 4929 1276 5009 illi
1291 4927 1331 5007 in
1344 4927 1639 5036 posterioribus,
1656 4955 1732 5011 non
1746 4931 2050 5033 horizontaliter,
2070 4936 2136 5016 sed
2151 4929 2384 5016 verticaliter

766 5077 854 5175 siti,
892 5079 990 5158 alam
1013 5080 1226 5183 majorem,
1265 5077 1505 5162 collumellae
1541 5082 1668 5164 instar
1701 5093 1955 5182 exstructam,
2001 5079 2226 5194 sursumque
2261 5083 2309 5168 ad
2338 5109 2382 5166 os

766 5235 952 5340 parietale
979 5237 1293 5338 adscendentem,
1336 5240 1411 5320 sibi
1439 5239 1657 5346 impositam
1684 5251 1841 5349 gerunt,
1873 5243 1964 5324 leco·
1985 5241 2056 5344 eo,
2087 5259 2163 5353 quo
2191 5243 2385 5326 anteriora

768 5420 898 5481 versus
927 5399 1204 5484 horizontalem
1228 5399 1427 5510 planitiem
1453 5395 1747 5506 constituentia,
1767 5407 1833 5489 'ad¹
1853 5430 1949 5490 ossa·
1967 5395 2136 5513 palatina
2152 5396 2382 5503 exacuunt,

766 5553 815 5634 ab
841 5553 1000 5636 invicem
1022 5553 1108 5635 'lato
1127 5551 1463 5666 biatu'dircmpta;
1493 5555 1834 5668 pterygoideorum'
1846 5579 1974 5658 more,
2005 5555 2069 5665 qui
2096 5553 2212 5638 tertio
2231 5557 2383 5636 demum
2494 5535 2504 5542 ⁸

767 5738 950 5820 processu
989 5715 1182 5802 exteriore
1200 5759 1203 5766 .
1218 5745 1340 5829 eoque
1377 5721 1610 5805 rmticaliter
1635 5723 1764 5830 posito
1794 5721 1842 5804 ad
1869 5713 2072 5802 ¹ossiculum
2099 5717 2385 5827 pterygoidcum

767 5877 951 5959 accedunt
977 5883 1087 5988 eique
1114 5881 1291 5990 figuntur.

820 6039 926 6167 Ossq
958 6043 1125 6147 palatina
1160 6045 1302 6167 paullo¹
1329 6046 1467 6151 latiora
1494 6045 1645 6172 ¹semim
1682 6045 1874 6164 anteriora
1915 6069 2046 6184 versus
2084 6045 2131 6128 ad
2156 6069 2199 6162 pe
2227 6045 2386 6128 invicem

767 6194 925 6297 propius
965 6193 1175 6292 amodum„
1218 6223 1378 6306 cumque
1419 6199 1575 6282 conchis
1615 6201 1763 6288 narium
1801 6200 1923 6284 minus
1960 6198 2119 6284 excultis
2156 6198 2384 6302 maxillaque

766 6353 966 6455 superiore
994 6347 1221 6460 junguntur,
1260 6345 1394 6462 magno
1422 6357 1528 6439 biatu
1558 6361 1833 6440 lateraliinter
1861 6357 2003 6440 hancce
2023 6359 2070 6441 ‘et
2096 6361 2181 6441 illas
2207 6357 2380 6462 praetio.
