5582 7752
1091 805 1354 888 -55-

416 1005 513 1102 leun,
551 1013 597 1083 at
626 1003 776 1081 interno
809 995 976 1103 margine
997 994 1215 1102 ¹transituum
1245 991 1444 1072 coustituit
1481 988 1649 1088 bialum,
1687 989 1799 1092 cujus
1835 989 2028 1070 limitcsn

416 1160 634 1266 posteriore
658 1183 703 1238 os
728 1153 1027 1262 spbenoidsnm‚
1055 1151 1105 1230 ab
1131 1149 1323 1231 anteriore
1349 1171 1440 1228 reno
1468 1170 1557 1228 ossa
1584 1147 1748 1251 palatino
1777 1159 1935 1251 ponunt.

472 1332 660 1442 Superior
685 1329 772 1411 dein
798 1327 977 1423 mamilla,
1008 1324 1175 1404 omnium
1201 1321 1321 1402 cranii
1348 1321 1488 1400 ossium
1514 1319 1791 1400 crassissimum
1801 1377 1813 1415 ,
1852 1333 1962 1400 extus
1990 1333 2030 1400 st

417 1483 580 1600 superne
616 1488 823 1596 inaequalis
856 1509 902 1565 ac
939 1483 1128 1564 loreolata
1160 1479 1354 1586 exiguisve
1390 1476 1637 1559 foraminibus
1672 1487 1848 1582 pertusa,
1885 1476 2029 1558 inferne

419 1677 510 1738 vero
536 1677 703 1734 concaua
729 1661 812 1746 est,
842 1647 1085 1754 margineque
1111 1656 1270 1726 externo
1288 1639 1421 1724 dentes
1441 1643 1494 1722 ibi
1511 1665 1648 1723 novem
1664 1643 1913 1748 agglutinatus
1932 1642 2026 1751 figit,

419 1811 483 1917 qui
520 1835 650 1890 omnes
687 1805 886 1912 aequales,
924 1804 1068 1930 incurvi
1104 1811 1145 1884 et
1171 1801 1272 1883 acuti
1300 1802 1378 1881 lata
1404 1801 1487 1881 basi
1513 1802 1643 1908 paullo
1671 1801 1807 1880 striata
1833 1801 1962 1882 oborti
1989 1815 2031 1884 et

341 2023 345 2029 -
419 1961 659 2071 compressi,
711 1983 781 2042 nec
821 1959 903 2040 acic
942 1959 1193 2039 minutissime
1233 1956 1372 2040 serrati
1413 1969 1528 2057 sunt,
1572 1958 1704 2064 quales
1753 1968 1932 2038 notantur
1973 1958 2028 2040 illi

419 2125 705 2210 Psammosoori
729 2121 871 2232 prisei;
907 2149 930 2204 e
966 2136 1101 2203 contra
1135 2123 1415 2230 Polyduedalus
1448 2122 1624 2202 niloticus
1660 2121 1793 2202 dentes
1820 2119 2033 2202 anteriores

417 2291 531 2371 offert
547 2289 721 2386 conicos,
753 2298 886 2367 acutos
905 2298 945 2366 et
962 2286 1199 2392 posteriores
1218 2307 1368 2364 crassos
1387 2283 1668 2410 obtusissimos.
1700 2282 1806 2365 Inter
1830 2295 2032 2392 utramque

418 2449 608 2528 maxillam
634 2472 799 2553 superne
825 2445 994 2526 conchae
1021 2446 1225 2550 adparent,
1266 2467 1363 2550 quae
1395 2445 1447 2524 ad
1482 2443 1643 2525 mediam
1681 2443 1759 2528 lere
1787 2456 1936 2551 partem
1963 2467 2028 2524 su-

418 2601 723 2708 pramaxillarem
750 2601 969 2706 pertingunt
996 2600 1109 2706 inque
1135 2599 1414 2704 posterioribus
1443 2599 1588 2678 hiatum
1606 2599 1810 2704 majorem,
1842 2624 1930 2682 osse
1948 2601 2031 2680 nasi

420 2757 670 2866 interposito,
707 2757 883 2842 offerunt.
924 2755 1064 2835 Similis
1101 2779 1253 2864 qnoque
1287 2755 1413 2836 hiatus
1451 2753 1550 2836 inter
1576 2757 1814 2862 superiorem
1841 2758 2033 2837 maxillam

418 2927 460 2995 et
485 2939 677 2998 vomerem
702 2938 822 3023 osque
848 2913 1136 3020 pterygoidenm
1162 2924 1340 3011 notatur,
1384 2914 1449 3019 qui
1482 2913 1699 3018 posteriora
1727 2937 1859 2994 versus
1892 2917 2033 2996 sensim

420 3074 553 3172 latior,
583 3071 896 3179 elongato-uvalis
924 3082 997 3151 est.

472 3254 640 3362 Inscm'or
666 3255 828 3360 denique
853 3252 1012 3332 mamilla
1038 3275 1086 3334 eo
1114 3251 1343 3359 praesertim
1369 3253 1572 3352 notabilis,
1616 3255 1717 3360 quod
1752 3251 1920 3362 singulae
1948 3256 2033 3361 ejus

421 3409 913 3518 partes'distinctissimae,
944 3408 993 3490 ab
1021 3409 1180 3491 invicem
1206 3409 1385 3491 continuo
1413 3409 1623 3516 diremptae
1641 3423 1838 3509 maneant,
1869 3439 2033 3520 parsque

421 3573 622 3655 alveolaris
641 3573 768 3654 subito
787 3581 982 3654 attenuata
1000 3583 1162 3679 utraque
1181 3571 1416 3678 paralleliter
1435 3565 1513 3654 sere
1532 3573 1722 3654 decurrat.
1744 3571 1850 3671 Quae
1869 3577 2029 3677 scilicet,

421 3727 553 3810 decem
579 3727 753 3810 dentibus
781 3726 951 3806 nonnihil
979 3727 1236 3834 longioribus,
1273 3727 1767 3833 compresso-scindentibus
1795 3741 1835 3810 et
1861 3727 2033 3812 incurvo-

421 3885 543 3965 acutis
570 3893 729 3981 ornata,
758 3883 1111 3988 plano-compressa
1138 3893 1219 3980 est,
1257 3909 1467 3990 versusque
1493 3884 1712 3988 posteriora
1739 3884 1894 3964 dilatata
1922 3885 2034 3992 inque

422 4047 675 4130 anterioribus
702 4056 917 4144 attenuata,
947 4045 1154 4150 mobilique
1179 4055 1312 4124 sutura
1328 4069 1414 4124 cum
1431 4069 1642 4149 congerere
1659 4069 1851 4144 connexa3
1881 4046 1919 4123 in
1939 4043 2035 4128 lucie

422 4223 580 4293 esterna
606 4207 729 4306 6-7,
754 4205 938 4288 foramina
973 4214 1231 4284 numerantur.
1271 4203 1316 4282 In
1343 4215 1513 4282 extrema
1540 4203 1623 4306 ejus
1652 4215 1762 4308 parte
1789 4205 2031 4310 posteriore,
2071 4207 2078 4214 “

423 4374 471 4454 ad
488 4344 685 4470 interiora,
706 4371 884 4476 utrinque
901 4367 938 4447 ei
956 4365 1139 4448 incumbit
1156 4389 1247 4471 pars
1263 4363 1498 4470 opercularis
1518 4365 1692 4471 angulata
1711 4362 1753 4473 (l.
1768 4393 1801 4446 c.
1816 4371 1868 4479 z),
1890 4369 1928 4448 in
1946 4395 2035 4450 acu-

425 4539 504 4612 tum
531 4552 754 4640 processum
781 4523 947 4606 anticum
982 4523 1240 4630 longissimum
1276 4533 1317 4602 et
1343 4521 1532 4628 duplicem
1558 4521 1673 4602 alium
1698 4525 1885 4629 posticum
1914 4529 2034 4610 multo

423 4679 639 4762 breviorem
665 4699 898 4776 excurrens;
937 4673 1157 4756 inferiorem
1184 4675 1345 4780 denique
1370 4676 1578 4780 marginem
1604 4673 1750 4755 mediae
1777 4676 1952 4756 maxillae
1979 4679 2036 4758 in-

426 4835 574 4917 ferioris
601 4857 690 4940 pars
719 4831 810 4940 legit
827 4832 1016 4938 angularis
1036 4829 1257 4910 tenuissima
1275 4829 1441 4908 omnium
1451 4889 1461 4928 ‚
1492 4829 1605 4936 eique
1622 4829 1671 4908 ab
1688 4828 1870 4909 interiore
1888 4831 2037 4935 pariter

412 5007 538 5106 'atque
551 4995 750 5104 superiore
766 4995 947 5075 incumbit
967 4997 1182 5076 articularis
1203 4998 1325 5077 altera
1338 4991 1380 5108 (l.
1400 5023 1433 5076 c.
1454 4989 1507 5110 z),
1528 4997 1687 5104 condplo
1705 4999 1900 5082 articulari
1923 5025 2037 5108 prae-

413 5155 517 5267 dita,
534 5153 581 5233 ad
594 5177 817 5258 processum
830 5153 1073 5234 articularem
1087 5152 1185 5232 ossis
1201 5163 1416 5258 temporum
1430 5153 1483 5232 ibi
1496 5151 1771 5257 excipiendum,
1789 5155 1927 5262 etipsa
1946 5181 2035 5263 pars
2053 5173 2058 5178 “
2125 5133 2131 5158 ’

426 5311 639 5396 articularis
667 5323 757 5418 post
785 5307 930 5392 foveam
959 5313 1200 5394 articularem
1217 5311 1376 5392 ulterius
1394 5311 1657 5419 prolongatur,
1687 5313 1856 5395 nonnihil
1875 5315 1921 5396 ad
1940 5318 2037 5398 inte-

427 5471 532 5552 riora
545 5469 789 5552 descendens.
808 5469 1032 5551 doteriores
1051 5467 1182 5552 foveae
1196 5470 1411 5552 articularis
1426 5469 1565 5550 limites
1578 5471 1687 5576 ponit
1701 5495 1789 5577 pars
1805 5495 2036 5580 supraangu-

426 5621 515 5702 laris
536 5620 577 5730 (l.
600 5648 635 5700 c.
656 5618 722 5730 y),
752 5621 807 5702 illi
826 5621 1063 5704 antecedenti
1083 5623 1381 5730 supraimposita
1399 5621 1673 5730 maximamque
1687 5631 1835 5728 partem
1848 5623 2037 5728 posticam

428 5769 619 5852 interioris
647 5769 823 5854 maxillae
849 5771 1098 5872 constituens,
1129 5774 1283 5880 postice,
1305 5773 1462 5854 dilatata
1488 5783 1529 5854 et
1545 5774 1671 5854 antico
1688 5771 1918 5880 aliquantum
1935 5797 2037 5855 com-

427 5953 572 6038 pressa.

479 6086 624 6168 lluicce
637 6090 785 6170 demum
808 6092 909 6198 parti
924 6101 1187 6196 superstructa
1202 6103 1263 6171 est
1276 6087 1607 6197 complementaris
1623 6089 1666 6199 (ἱ.
1678 6117 1712 6169 c.
1727 6087 1766 6200 x)
1777 6089 2033 6202 multiformis,

428 6269 646 6354 supremum
671 6247 845 6344 maxillae
872 6245 1062 6328 inferioris
1086 6246 1291 6356 marginem
1309 6247 1553 6329 conscribens
1581 6247 1694 6358 inque
1712 6248 1836 6329 medio
1870 6249 2033 6352 elevata,

427 6409 475 6488 ad
492 6433 715 6515 processum
732 6411 1002 6492 coronoideum
1018 6409 1355 6492 eminentissimum
1372 6412 1689 6511 construendum
1710 6412 1891 6496 interiora
1904 6437 2037 6496 versus
