5628 7750
1360 935 1413 954 ..
1471 891 1543 974 108
1595 937 1649 956 ..

757 1071 926 1155 Tertium
952 1073 1113 1182 deniqne
1141 1085 1181 1156 et
1208 1086 1385 1182 quartum
1412 1089 1560 1159 scutum
1587 1079 1660 1160 snb
1686 1079 1798 1160 oculo
1825 1079 1941 1160 sitnm
1968 1081 2006 1162 in
2020 1078 2182 1164 Noniae
2199 1103 2320 1187 aeque

700 1273 746 1329 ac
776 1249 814 1328 in
843 1260 989 1348 nostro,
1018 1249 1079 1330 oui
1107 1272 1258 1356 qnoque
1285 1273 1401 1330 unum
1427 1247 1630 1328 maximum
1657 1259 1806 1328 sentum
1833 1248 2003 1330 anterius
2024 1259 2064 1330 et
2083 1247 2156 1330 tria
2173 1247 2321 1327 minora

704 1404 925 1508 posteriora
952 1403 1099 1484 adsunt.

904 1891 1292 1977 TROPlDONO'l'US
1320 1893 1572 1979 SCUTATUS
1599 1897 1646 1980 N.
1678 1897 1769 1978 Tan.
1802 1897 2002 1978 xxu1.Fra.
2028 1895 2062 1976 1.
2093 1897 2132 1976 2.

1265 2167 1426 2250 Colober
1452 2182 1621 2251 sectatus
1648 2169 1751 2250 Poll.

1270 2324 1387 2441 Trop.
1418 2328 1630 2440 clopltoidos
1657 2329 1770 2412 Brdt.

760 2616 883 2726 Supra
909 2618 1126 2716 aterrimae,
1156 2619 1290 2698 subtus
1319 2629 1422 2699 totus
1450 2617 1558 2724 nigro
1585 2617 1749 2728 alboque
1776 2621 2002 2717 tesselatus,
2032 2643 2165 2701 versus
2191 2627 2321 2724 poste-

709 2775 814 2856 riora
841 2787 943 2856 totus
971 2777 1100 2884 niger,
1130 2778 1177 2858 ad
1211 2778 1334 2860 latera
1367 2779 1721 2880 albo-maculatus,
1761 2781 1881 2861 cauda
1907 2779 2036 2886 nigra,
2073 2779 2158 2859 basi
2185 2777 2321 2858 obtuse

710 2936 910 3044 triquetra.

762 3062 871 3176 Hah.
894 3095 932 3174 in
959 3095 1117 3176 australi
1144 3107 1256 3200 parte
1282 3096 1404 3201 caspii
1431 3097 1561 3196 maris,
1592 3097 1629 3177 in
1656 3095 1790 3178 insulis
1818 3097 1922 3178 sinus
1948 3093 2253 3194 astrabadensis,
2282 3095 2322 3176 in

709 3270 780 3326 ora
806 3269 958 3355 quoque
986 3247 1243 3354 tiilrlraragana
1269 3260 1310 3329 ct
1335 3248 1427 3328 alibi
1455 3249 1493 3328 in
1520 3249 1667 3330 oriente
1695 3249 1824 3329 maris.

761 3399 884 3505 Caput
910 3399 1048 3483 obtuse
1067 3401 1309 3508 triangulare,
1340 3401 1490 3509 postico
1517 3428 1634 3510 supra
1660 3361 1794 3510 gulam·
1811 3381 1952 3501 latius,
1970 3401 2163 3482 anteriora
2189 3424 2320 3481 versus
2420 3485 2425 3497 ¹

710 3519 969 3658 attenuatum,
1009 3572 1138 3642 rostro
1151 3585 1300 3665 'parum
1328 3562 1522 3668 longiore,
1562 3563 1688 3642 sulcus
1714 3559 1921 3668 profundus
1949 3573 2037 3643 ante
2064 3559 2220 3658 oculos3
2255 3557 2322 3638 iris

709 3737 757 3794 ex
784 3715 918 3820 glauco
947 3715 1118 3816 cinerea3
1149 3683 1260 3797 nares
1286 3716 1325 3795 in
1351 3728 1485 3800 sutura
1512 3719 1760 3800 scutellornm
1786 3718 1898 3799 sitae.
1927 3718 2139 3824 Perexigna
2164 3715 2322 3822 vestigia
2378 3817 2382 3826 ὁ

710 3892 859 3974 albidae
888 3890 1028 3973 tasciae
1055 3893 1222 3972 collaris.

761 4047 921 4132 Maxilla
947 4048 1125 4157 superior
1153 4047 1322 4156 longior,
1360 4049 1400 4130 in
1435 4049 1544 4158 apice
1581 4051 1698 4132 rostri
1733 4051 1867 4133 subtus
1894 4051 2228 4136 semicirculariter
2254 4050 2323 4130 im·-

709 4231 865 4314 pressa3
894 4205 1015 4290 latera
1033 4205 1211 4314 utrinque
1227 4205 1441 4288 ‘maxillaria
1458 4207 1647 4308 exalbida,
1677 4199 1819 4314 suturis
1837 4220 2031 4292 scutorum
2048 4209 2177 4318 nigris.
2209 4206 2324 4288 &uta

710 4318 879 4442 ocularia
914 4361 1047 4442 eadem
1082 4386 1127 4441 ac
1163 4362 1202 4440 in
1234 4361 1351 4472 Trop.
1385 4387 1527 4470 persa,
1566 4387 1622 4444 sc.
1662 4363 1739 4445 tria
1770 4365 1988 4470 posteriora
2013 4365 2148 4472 exigua
2159 4423 2171 4462 ,
2209 4387 2324 4442 unum
2362 4345 2366 4354 ’

708 4519 911 4600 maximum
938 4517 1131 4616 anterius,
1161 4517 1235 4596 dno
1263 4517 1410 4598 minora
1435 4519 1508 4599 sub
1535 4519 1647 4600 oculo
1675 4519 1774 4618 sita,
1792 4521 1915 4631 iisque
1942 4520 2159 4628 anteposita
2184 4518 2323 4600 itemm

637 4679 641 4704 ¹
708 4679 799 4778 dno,
830 4703 904 4758 non
931 4676 1029 4776 tria,
1060 4687 1103 4756 ut
1128 4677 1273 4786 passim
1299 4677 1338 4760 in
1365 4678 1552 4760 alterutro
1580 4678 1699 4762 latere
1726 4678 1934 4760 maxillaris
1958 4679 2136 4788 marginis
2162 4675 2322 4759 extremi

700 4829 873 4940 ·Yropid.
899 4857 1050 4940 persae.
1463 4797 1467 4810 Ι

763 5019 879 5132 Scuta
892 5019 1028 5128 priora
1043 5019 1204 5130 collaria
1222 5019 1361 5119 albida,
1391 5020 1594 5128 posticeot
1614 5021 1662 5101 ad
1680 5023 1801 5103 latera
1819 5023 1945 5128 nigra3
1973 5021 2158 5128 jamvero
2178 5021 2217 5099 in
2234 5018 2324 5098 20²¹⁰

582 5186 587 5198 '
711 5189 822 5261 scuto
850 5181 955 5285 niger
982 5149 1103 5278 color,
1133 5205 1179 5260 ac
1201 5150 1340 5261 ‘dehinc
1358 5179 1515 5287 ‚reliqua
1541 5205 1564 5260 e
1591 5177 1816 5262 flavescente
1833 5180 1923 5261 albo
1940 5179 2124 5286 nigroque
2143 5178 2324 5259 tesselata

712 5313 917 5448 adparent,
954 5353 1268 5448 moxquetotnm
1296 5301 1481 5425 abdomen
1508 5337 1796 5450 nigro-politum
1822 5341 1888 5443 fit,
1926 5340 2109 5423 lateribus
2137 5341 2323 5422 albo-ma-

711 5508 863 5590 culatis.
893 5503 1020 5588 Cauda
1047 5516 1129 5611 tota
1155 5505 1275 5614 nigra.
1397 5589 1400 5597 Δ

767 5687 952 5794 Squamaa
985 5687 1112 5768 notaei
1148 5687 1404 5785 lanceolatae,
1442 5687 1657 5786 carinatae,
1695 5687 1873 5768 laterales
1909 5683 2059 5771 infimae
2094 5682 2322 5790 ampliores,

713 5846 965 5945 laevissimae,
995 5847 1212 5944 aterrimae,
1242 5846 1282 5926 in
1308 5846 1528 5953 grandaevis
1557 5849 1721 5928 instante
1745 5845 1845 5926 cutis
1863 5844 2097 5925 detractione
2114 5866 2137 5922 e
2156 5841 2326 5922 cinereo-

714 6000 830 6098 atris,
868 5999 1078 6082 rarioribus
1112 6003 1279 6110 squamis
1317 6001 1405 6082 hinc
1433 6001 1518 6084 inde
1546 6000 1856 6106 albo-punctatis.
1896 5997 2024 6080 Series
2052 5995 2186 6078 harum
2213 6021 2325 6104 sqrra-

713 6175 858 6232 marum
890 6149 957 6252 19,
988 6151 1173 6258 gularinm
1201 6180 1292 6238 vero
1320 6153 1357 6235 d.

768 6347 883 6428 Scuta
909 6348 1058 6429 abdom.
1094 6344 1167 6428 185
1195 6345 1210 6458 (
1220 6358 1319 6429 teste
1347 6345 1520 6428 Pollnsio
1552 6345 1669 6454 loo),
1699 6347 1871 6428 caudalia
1897 6348 1956 6427 bis
1984 6347 2055 6444 80,
2087 6347 2257 6452 (errore,
2286 6339 2325 6418 ni

715 6495 848 6596 fallor,
879 6497 1082 6604 scriptorio
1110 6496 1210 6604 apud
1238 6495 1447 6578 Pallasiom
1474 6496 1526 6578 50
1552 6488 1820 6607 adjiciuntur).
