5582 7752
1107 842 1372 974 ..(55..1
1486 849 1491 862 ’

430 1080 634 1178 cumbens,
666 1080 737 1184 ipsi
765 1103 915 1186 quoque
944 1079 1023 1160 ossi
1051 1079 1172 1160 tibiali
1196 1077 1516 1177 conterminntur;
1547 1075 1663 1160 iacies
1680 1075 1765 1182 ejus
1783 1077 1907 1156 antica
1925 1077 2044 1156 mulus

434 1232 547 1312 letior
573 1243 635 1314 est
660 1231 832 1338 postica,
862 1255 910 1312 ex
935 1242 1048 1337 parte
1075 1230 1215 1312 ibidem
1242 1229 1463 1311 abscondita
1486 1233 1524 1310 in
1541 1230 1671 1335 planta
1688 1227 1795 1336 pedis
1809 1257 1822 1330 ;,
1850 1227 1888 1308 in
1905 1229 2044 1310 ceteris

278 1443 281 1450 ,
434 1390 525 1470 illud
552 1390 780 1498 inutraque
809 1387 918 1470 loven
943 1387 1139 1470 articulari
1166 1413 1351 1496 perquam
1377 1411 1638 1494 compressum
1665 1399 1738 1470 est.

485 1547 584 1632 Ossa
619 1549 780 1656 denique
815 1549 1014 1628 metatarsr'
1048 1545 1098 1655 (l.
1129 1574 1164 1628 e.
1191 1547 1261 1656 sip.
1297 1546 1493 1660 rog-1.)
1531 1549 1761 1655 longitudine
1790 1551 1895 1629 varia
1921 1551 2046 1630 excel-

434 1708 538 1806 lunt;
575 1675 705 1813 priora
738 1706 928 1788 anteriora
962 1705 1048 1788 inde
1082 1705 1131 1786 ab
1159 1705 1306 1787 balluce
1334 1707 1474 1788 sensim
1500 1709 1772 1814 prolongantur
1798 1707 1846 1788 ad
1872 1715 2047 1814 quartum

434 1887 575 1970 usqne,
615 1863 781 1943 omnium
808 1861 1088 1970 longissimum,
1127 1861 1379 1970 quinionem
1406 1861 1655 1960 brevissimo,
1694 1861 1765 1942 sub
1799 1863 1876 1942 lato
1912 1862 2047 1968 angulo

435 2019 569 2102 inllexo
596 2031 637 2100 et
663 2044 827 2126 superne
853 1989 1064 2102 incrassato
1092 2021 1292 2128 medioque
1318 2045 1560 2125 compresso,
1596 2019 1696 2127 quod
1721 2017 1869 2098 scilicet
1881 2077 1891 2116 ‚
1931 2017 2047 2098 tertio

434 2155 600 2263 ossiculo
629 2182 721 2262 tarsi
749 2183 800 2262 ab
825 2184 1017 2264 exteriore
1046 2183 1287 2282 incumbens,
1324 2185 1374 2263 ab
1408 2183 1515 2263 initio
1550 2193 1655 2264 recte
1690 2181 1865 2288 procedit
1891 2205 1935 2260 ac
1961 2181 2048 2262 dein

434 2331 651 2414 insumatur
683 2345 901 2435 attenuata,
940 2347 981 2416 et
1007 2347 1172 2444 quatuor
1199 2335 1312 2442 hujus
1340 2335 1448 2444 digiti
1475 2311 1680 2442 phalanges
1707 2335 1914 2440 perbreves
1942 2331 2044 2440 figit,

402 2457 406 2464 Ι
434 2496 567 2580 ulthna
593 2491 836 2604 compressa,
866 2499 1009 2582 adunca
1036 2511 1076 2580 et
1103 2501 1337 2597 acuminata,
1369 2525 1529 2606 unguem
1555 2498 1791 2580 consimilem
1817 2495 2045 2602 excipiente.

435 2649 622 2746 Numerus
649 2652 876 2761 phalangum
903 2655 1106 2762 digitorum
1133 2657 1241 2762 pedis
1270 2657 1433 2761 postici,
1470 2656 1624 2736 illorum
1657 2653 1773 2735 antici
1806 2654 1949 2750 instar,
1987 2679 2050 2731 va-

436 2809 534 2891 riant
560 2821 741 2915 certaque
767 2811 1019 2916 proportione
1046 2815 1292 2910 decrescunt3
1329 2836 1465 2917 nempe
1499 2822 1655 2917 quartus
1690 2811 1827 2916 digitus
1856 2809 2047 2916 quinque,

437 2968 572 3050 tertius
599 2979 785 3075 mutuor,
815 2971 1010 3052 secundus.
1030 2945 1132 3070 tres,
1162 2983 1202 3052 et
1228 2972 1373 3078 primus
1401 2972 1494 3052 duas
1523 2971 1728 3080 phalanges
1754 2970 1834 3078 figit
1846 3031 1857 3069 ,
1888 2996 1963 3077 quo
1991 2969 2047 3069 fit,

436 3143 480 3212 ut
505 3157 528 3212 a
555 3131 773 3238 longissimo
786 3091 788 3099 λ
801 3143 937 3238 quarto
965 3135 1082 3242 digito
1110 3135 1157 3215 ad
1184 3135 1371 3252 hallueem
1397 3161 1517 3243 usque
1544 3133 1585 3216 hi
1611 3137 1731 3217 ceteri
1759 3135 1898 3216 sensim
1933 3135 2051 3240 longi-

437 3273 588 3388 tudine,
625 3290 774 3396 aequali
802 3289 949 3371 ratione
977 3291 1220 3390 decrescant,
1257 3304 1418 3398 excepto
1446 3292 1623 3390 minimo,
1661 3293 1748 3400 qui,
1783 3291 1933 3373 etiamsi
1953 3315 2051 3400 ¹quu-

379 3414 383 3422 *
437 3459 525 3528 tuor
551 3447 799 3556 phalangibus
827 3411 1057 3546 instructus,
1088 3450 1207 3529 multo
1234 3451 1389 3532 brevior
1414 3463 1475 3533 est
1502 3451 1689 3547 secundo,
1726 3475 1795 3530 nec
1822 3449 1895 3529 nisi
1922 3449 2050 3552 paullo

371 3619 372 3624 '
437 3608 584 3714 longior
605 3607 782 3716 ballneo,
813 3607 978 3690 omnium
1006 3609 1134 3718 itaque
1161 3607 1399 3690 brevissimo.

889 4199 922 4224 ι.
1006 4173 1221 4244 stonense
1242 4156 1484 4246 onuurn'sn

489 4477 738 4596 Luemtmum
765 4474 995 4594 reliquamm
1022 4475 1196 4580 species,
1226 4476 1264 4554 in
1277 4475 1624 4582 ‘caspio-caucasiis
1654 4475 1862 4580 multiplice
1880 4477 2053 4556 colorum

380 4673 383 4678 ι
439 4629 524 4706 lusu
551 4624 761 4736 notabiles,
793 4624 1023 4729 impediunt,
1054 4649 1130 4732 quo
1157 4625 1280 4705 minus
1309 4625 1382 4708 rite
1408 4623 1585 4732 distingui
1612 4623 1785 4730 possint3
1814 4647 1890 4730 quo
1917 4621 1981 4722 lit,
2012 4636 2056 4705 ut
2210 4703 2216 4709 .

438 4794 552 4864 notae
569 4806 730 4890 utroque
745 4773 981 4887 specificae,
1013 4805 1111 4888 quae
1138 4781 1350 4862 novissimis
1378 4781 1597 4862 auctoribus
1621 4780 1738 4864 dlilrte
1757 4777 1986 4860 Edwardsr'o
2003 4771 2052 4891 (⁶)

437 4947 478 5016 at
505 4935 594 5015 dat.
616 4931 783 5040 Reperio
803 4927 867 5043 (*)
895 4934 1172 5016 constantiores
1199 4931 1339 5016 ceteris
1367 4934 1471 5016 visae
1498 4944 1608 5030 sunt,
1639 4933 1677 5012 in
1695 4929 1771 5010 illis
1788 4929 1925 5010 mirum
1942 4955 2054 5036 quum

318 5163 321 5168 .
439 5099 597 5178 varient.
629 5095 674 5186 In
700 5061 915 5181 universum
942 5087 1069 5175 auter'n
1096 5095 1271 5176 caucasia
1297 5092 1427 5176 Fauna
1453 5093 1578 5202 quoad
1605 5093 1849 5174 locuturum
1876 5091 2055 5173 aliorum-

403 5229 514 5360 'que
549 5249 826 5360 Amplrhiorum
861 5252 1010 5357 species
1047 5255 1281 5360 Aegyptum,
1321 5245 1470 5360 Syriani
1505 5251 1675 5358 aliasque
1712 5251 1885 5360 regiones
1912 5227 2054 5332 calidas

440 5409 593 5514 potius,
623 5433 736 5518 mam
764 5411 958 5532 Europum
985 5421 1237 5516 temperatam
1264 5411 1422 5494 accedit.

483 5698 526 5790 (⁰)
548 5661 742 5768 Becherohes
764 5701 960 5788 zenonque
980 5723 1059 5788 pour
1081 5703 1178 5768 servir
1199 5707 1216 5768 i
1239 5700 1390 5770 l'histoire
1404 5707 1459 5770 des
1473 5701 1626 5783 Muros,
1651 5703 1683 5768 in
1699 5699 1834 5764 Annales
1847 5701 1903 5764 des
1917 5697 2055 5762 scimcer

443 5820 626 5900 natrrrclles,
651 5840 707 5924 par
730 5815 810 5884 ΜΜ.
829 5815 1010 5900 Anticaria,
1036 5817 1242 5912 Brengrriart
1263 5831 1294 5886 et
1315 5817 1467 5904 Damas,
1491 5818 1617 5888 Janrier
1644 5815 1749 5900 1829,
1774 5839 1844 5904 pag,
1862 5813 1924 5896 50,
1948 5827 2008 5884 etc.

487 5923 543 6016 ('')
576 5923 724 5993 Memoire
753 5951 807 5994 sur
835 5931 880 5994 les
910 5933 1037 6016 espbces
1067 5930 1226 6016 indigeries
1255 5935 1297 5996 du
1326 5927 1421 6016 genre
1449 5929 1597 6012 basem,
1631 5932 1663 5995 in
1686 5927 1820 5994 Annales
1842 5931 1896 5993 des
1917 5927 2057 5992 reienses

443 6041 626 6130 naturelles,
650 6036 737 6106 Arril
762 6038 864 6124 1829,
888 6063 959 6129 pag.
983 6039 1061 6108 337.
1202 6059 1204 6066 ⁴

550 6615 721 6678 erenum
757 6621 845 6677 Fauo.
866 6639 943 6698 casp.
961 6641 1040 6680 canc.
