5582 7752
1333 875 1703 964 ·-sr-

767 1067 961 1174 dploidcas
975 1063 1074 1146 ossis
1089 1061 1264 1166 occipitia
1280 1073 1410 1167 partes
1428 1089 1603 1171 magnum
1625 1062 1771 1144 biatum
1792 1061 2022 1170 linquentes,
2039 1075 2233 1146 extremae
2249 1063 2386 1144 horum

767 1225 869 1330 parti
896 1221 1061 1302 tumidae
1089 1218 1311 1300 incumbunt
1336 1229 1378 1299 et
1404 1221 1453 1301 ad
1472 1220 1668 1302 exteriora
1685 1246 1728 1300 os
1745 1219 1941 1326 excipiunt
1957 1219 2199 1301 mnrtoideuot
2218 1219 2259 1329 (l.
2281 1247 2317 1300 c.
2338 1217 2383 1330 i),

768 1385 869 1494 quod
904 1384 1433 1491 complanatossattenuatum'
1449 1393 1488 1462 et
1516 1382 1713 1464 incurvum
1725 1441 1735 1482 ‚
1769 1381 1874 1463 ‘inter
1900 1379 2000 1462 bunc
2027 1405 2249 1488 processum
2275 1395 2316 1462 et
2342 1405 2386 1462 os

764 1543 891 1648 jugale
909 1541 1110 1647 posticum
1136 1539 1175 1620 in
1201 1550 1351 1644 partem
1377 1536 1621 1620 articularem
1644 1538 1742 1618 ossis
1761 1539 1945 1644 temporis
1964 1537 2096 1620 incidit
2112 1538 2224 1644 eique
2242 1535 2383 1642 ligitur.

741 1701 935 1808 ,Propter
961 1699 1032 1780 bos
1061 1700 1190 1806 itaque
1217 1723 1421 1804 processus
1449 1698 1688 1806 longissimos
1716 1721 1846 1803 margo
1873 1698 2069 1803 parietalis
2098 1697 2197 1776 ossis
2215 1697 2386 1802 posticus

770 1864 848 1946 late
874 1865 1024 1948 excisus
1051 1873 1125 1962 cst,
1156 1873 1393 1969 propterque
1420 1887 1488 1942 eos
1516 1872 1556 1942 et
1583 1861 1678 1940 alios
1707 1860 1934 1957 anteriores,
1964 1860 2012 1940 ad
2039 1861 2138 1941 latus
2165 1882 2385 1956 conversos,

770 2026 824 2096 at·
837 2012 1183 2120 multobrcviorcs
1212 2011 1296 2116 ipse
1324 2001 1495 2093 late'ralis
1523 2035 1653 2117 margo
1681 2011 1861 2117 utrinque
1888 2009 2185 2090 lunato-excisus
2213 2009 2385 2112 adparet,

770 2187 811 2258 ct
847 2177 1012 2284 amplam
1047 2174 1235 2255 construit
1272 2171 1415 2254 fossam
1451 2175 1723 2279 temporalem,
1762 2173 1957 2254 anteriora
1983 2198 2116 2254 versus
2147 2170 2265 2278 jugali
2301 2197 2389 2252 osse

771 2335 921 2439 postico
948 2346 989 2416 ct
1015 2333 1141 2416 medio
1168 2332 1382 2412 limitatam.
1412 2331 1570 2412 Anticus
1599 2330 1751 2412 dcmnm
1777 2355 1907 2436 margo
1932 2329 2128 2434 parietalis
2155 2327 2253 2408 ossis
2271 2327 2390 2408 undu-

771 2491 997 2572 lato-rectus
1018 2500 1100 2569 tota
1118 2488 1317 2569 latitudine
1335 2487 1487 2592 ossibus
1506 2485 1732 2568 frontalibus
1749 2487 2062 2570 conterminatur.
2095 2487 2141 2566 ln
2158 2485 2296 2568 ceteris
2316 2482 2389 2564 boc

772 2669 815 2724 os
842 2644 1029 2750 parietale
1046 2669 1069 2725 a
1086 2643 1349 2750 superioribus
1368 2669 1501 2724 cavum
1518 2644 1637 2724 cranii
1655 2645 1837 2750 contegit,
1867 2657 2084 2751 tectumque
2103 2642 2258 2750 aliquod
2273 2615 2410 2746 suprax
2495 2757 2497 2767 Ι

774 2800 975 2905 occipitala
1001 2811 1042 2879 et
1068 2809 1265 2904 petrosum
1292 2797 1419 2880 efficit.

831 2961 1112 3072 Oplttalrnr'cne
1135 2986 1253 3067 porro
1272 2963 1474 3044 vertebrae
1492 2962 1787 3044 rudimentariae
1804 2987 1944 3068 corpus
1963 2989 1985 3044 e
2005 2962 2254 3068 productione
2270 2961 2394 3040 rostri

774 3119 870 3198 ossis
906 3115 1141 3228 splenor'der’,
1180 3116 1219 3195 in
1255 3116 1548 3198 Psammosauro
1584 3119 1737 3200 minime
1773 3119 1938 3218 evoluti,
1979 3119 2140 3226 ideoque
2176 3117 2389 3200 brevissimi

773 3276 1006 3374 exstruitur,
1043 3273 1291 3378 utplurimum
1326 3275 1582 3382 cartilaginei,
1623 3275 1714 3356 licet
1749 3275 1938 3380 aptissimi
1974 3275 2022 3356 ad
2048 3285 2200 3380 septum
2226 3275 2391 3356 interor-

772 3434 890 3514 bitale
925 3430 1209 3537 excipiendum,
1255 3430 1328 3509 nisi
1364 3393 1477 3514 ossea
1512 3443 1652 3536 puncta
1692 3429 1807 3535 hujus
1848 3431 1970 3536 septi,
2018 3430 2194 3510 laminam
2227 3430 2391 3536 aliquam
2479 3523 2484 3530 ¹

774 3593 936 3674 mediam
969 3589 1224 3672 ctbmoideam
1250 3589 1504 3694 designantia,
1544 3615 1617 3694 pro
1643 3615 1808 3696 corpore
1835 3593 2041 3674 vertebrali
2067 3593 2299 3674 commodius
2325 3592 2391 3674 de·

772 3745 910 3824 clares.
941 3741 1081 3822 Arcum
1108 3740 1192 3846 ejus
1221 3742 1305 3820 atae
1332 3739 1494 3820 minores
1513 3740 1751 3842 adumbrant,
1783 3767 1881 3850 quae
1899 3743 1938 3824 in
1956 3711 2067 3848 septo
2085 3744 2386 3844 membranaceo,

776 3902 954 4005 utrinque
987 3876 1086 3978 inter
1121 3901 1221 3978 olom
1247 3911 1439 4004 utromque
1465 3899 1644 4003 mojorem
1669 3925 1862 4007 expanso,
1901 3901 2035 3983 obviae
2059 3899 2148 4009 (Ἴ,
2185 3903 2391 3984 ossiculum

775 4062 953 4168 utrinque
989 4060 1128 4139 sistunt
1163 4059 1212 4142 ab
1245 4059 1354 4140 initio
1388 4060 1580 4161 lunatum,
1617 4088 1692 4170 qua
1727 4074 1838 4169 parte
1872 4090 2001 4172 margo
2038 4066 2157 4174 optici
2195 4064 2389 4148 foraminis

774 4217 1112 4315 circumscribitur,
1142 4243 1187 4300 ac
1214 4218 1300 4310 dein
1328 4218 1366 4298 in
1391 4244 1597 4325 processus
1625 4221 1719 4302 duos
1747 4223 1939 4305 anteriora
1957 4250 2089 4306 versus
2106 4237 2148 4307 ct
2172 4225 2390 4331 posteriora

774 4379 1043 4483 prolongatae,
1072 4402 1097 4456 a
1122 4387 1234 4482 septo
1262 4376 1329 4454 illo
1356 4376 1646 4458 membranaceo
1673 4377 1928 4483 excipiuntur.

831 4532 932 4612 Ossa
945 4529 1105 4634 denique
1122 4527 1277 4635 frontis,
1299 4532 1341 4634 (l.
1360 4557 1394 4609 c.
1412 4531 1455 4627 lr)
1469 4533 1616 4637 spinosi
1631 4543 1809 4641 tanquam
1823 4533 1936 4640 hujus
1955 4537 2156 4618 rerwbrac
2169 4562 2387 4642 processus,

774 4687 898 4770 media
911 4695 1042 4788 sutura
1056 4683 1277 4806 abinriccm
1290 4685 1491 4794 dirempta,
1505 4687 1763 4794 triangulatio,
1776 4689 1927 4796 postico
1942 4691 2390 4799 latomarginoparietala
2448 4751 2458 4758 -

776 4870 820 4926 os
846 4843 1043 4941 accedunt,
1073 4841 1286 4952 ibidemque
1314 4847 1361 4926 ad
1386 4847 1484 4927 latus
1503 4843 1542 4926 in
1560 4871 1784 4952 processum
1800 4847 2016 4931 breviorem
2033 4852 2249 4955 prosiliunt,
2279 4879 2392 4960 mem

775 5033 850 5090 una
874 5033 961 5090 cum
977 5008 1163 5088 consimili
1181 5033 1366 5114 processu
1383 5009 1561 5116 parictali
1579 5009 1745 5092 medium
1762 5035 1805 5090 os
1826 5009 1954 5118 jugale
1972 5013 2237 5120 amplectitur3
2267 5015 2390 5098 antica

775 5162 937 5268 deniquo
950 5186 1039 5266 pars
1055 5158 1227 5242 frontalis
1242 5173 1438 5246 attenuata
1452 5167 1592 5248 sensim
1605 5177 1646 5249 et
1661 5165 1888 5271 prolongata
1906 5193 1949 5246 os
1967 5167 2109 5279 nosr'(l.
2127 5196 2162 5248 c.
2179 5167 2234 5268 m)
2248 5170 2391 5277 excipit
2525 5227 2528 5234 Δ

775 5319 928 5423 lataque
954 5314 1082 5397 exciso
1110 5315 1218 5420 apice
1244 5316 1348 5426 figit3
1377 5331 1418 5400 at
1445 5321 1623 5403 laterales
1642 5320 1741 5402 ossis
1762 5318 1934 5402 frontalis
1949 5334 2098 5430 partes,
2129 5325 2179 5404 ab
2196 5325 2387 5404 exteriore

775 5485 951 5592 utrinque
978 5485 1122 5591 amplas
1151 5484 1295 5566 orbitas
1323 5471 1623 5586 conscribentes,
1654 5488 1694 5568 in
1721 5489 1888 5596 aliquam
1913 5447 2164 5568 deflectuntur
2190 5483 2388 5590 laminam,

775 5646 909 5726 subtus
936 5644 984 5726 ad
1005 5669 1047 5724 se
1066 5641 1226 5760 invicem
1243 5667 1480 5744 conversam,
1512 5669 1587 5752 qua
1606 5644 1783 5750 utrinque
1801 5643 1944 5724 canalis
1962 5667 2035 5748 pro
2054 5639 2256 5722 olfactorio
2275 5665 2390 5723 nervo

775 5806 968 5888 educendo
1003 5806 1217 5906 enascitur3
1254 5806 1292 5886 in
1328 5809 1466 5890 ceteris
1495 5807 1549 5888 ibi
1576 5807 1626 5888 ab
1653 5806 1848 5887 exteriore
1875 5831 1918 5884 os
1945 5803 2183 5884 ethmor‘dcum
2209 5805 2387 5902 larome,

774 5959 818 6070 (l.
841 5987 875 6040 c.
897 5958 927 6068 l)
946 5963 1047 6067 quod
1067 5961 1229 6046 frontale
1248 5963 1415 6044 anterius
1433 5923 1490 6044 ill,
1514 5943 1697 6045 Graviores
1717 5956 1795 6068 (**),
1818 5961 1968 6060 nescio,
1990 5986 2065 6067 quo
2082 5959 2183 6064 jure,
2204 5959 2386 6067 designat,

776 6113 954 6223 infigitur.

819 6384 861 6478 (⁸)
885 6385 1002 6452 Cnvier
1018 6389 1045 6452 1.
1070 6409 1100 6452 c.
1118 6385 1158 6453 V.
1183 6385 1217 6453 2.
1243 6412 1313 6478 paq.
1338 6388 1417 6456 259.
1441 6391 1517 6458 Tab.
1542 6390 1639 6476 XVI,
1665 6395 1716 6480 fig.
1746 6390 1774 6456 l.
1800 6414 1826 6456 r.
1875 6393 1883 6408 ‘

819 6499 876 6594 ('')
897 6501 935 6566 L.
960 6525 991 6568 c.
1018 6526 1087 6590 paq.
1113 6501 1192 6570 255.
