5582 7752
1248 1353 1479 1438 mosum
1505 1354 1777 1454 Oenunta
1792 1353 1946 1436 Dauo.

1321 1647 1363 1728 L.
1386 1645 1510 1756 lepr'do
1528 1645 1657 1728 Doud.
1673 1646 1750 1750 jaca
1773 1671 1874 1754 spec.

844 1915 941 1997 Tota
978 1916 1130 2014 viridis,
1174 1939 1338 2020 superne
1373 1913 1575 1996 obscurius
1614 1911 1768 2010 viridis,
1811 1911 2129 2017 nigromaculatu,
2173 1909 2319 1992 inferne
2358 1937 2405 1992 er

792 2077 1068 2175 luteo-uiridis,
1099 2077 1220 2158 latera
1244 2076 1421 2184 corporis
1448 2075 1605 2156 maculis
1631 2071 1845 2180 subglaucis
1873 2072 2046 2154 ocellatis
2063 2083 2216 2170 notata,
2245 2072 2405 2178 pedibus

791 2237 1019 2341 praesertim
1044 2235 1204 2343 posticis
1232 2259 1396 2341 superne
1422 2232 1611 2315 metallice
1637 2229 1815 2328 bruneis,
1845 2227 2165 2336 nigromaculatis.

843 2395 943 2477 Hah.
974 2395 1196 2478 nnmdineta
1223 2393 1262 2474 in
1288 2391 1390 2474 ostio
1408 2389 1554 2500 Volgae
1582 2389 1717 2474 amnis.

842 2551 970 2636 Canda
996 2552 1236 2662 longissima,
1273 2562 1407 2633 trunco
1433 2551 1551 2656 duplo
1578 2547 1746 2656 longior,
1783 2545 1935 2646 viridis,
1971 2572 2139 2653 superne
2172 2547 2406 2654 nigromucu-

793 2719 882 2816 lata,
900 2719 1009 2824 apice
1026 2719 1216 2801 metallice
1232 2717 1402 2816 bruneo;
1422 2725 1530 2796 scuta
1547 2713 1799 2795 abdominalia
1816 2713 2039 2796 intermedia
2052 2713 2219 2794 omnium
2237 2711 2402 2792 minima.

843 2876 1055 2984 Longitudo
1081 2877 1255 2982 corporis
1273 2874 1491 2981 caudaeque
1509 2873 1669 2980 pedalis.
1699 2872 1794 2953 Gula
1812 2883 1853 2953 et
1870 2871 2055 2956 abdomen
2075 2872 2168 2952 vivis
2186 2871 2403 2972 flavescunt,

791 3032 951 3112 mortuis
979 3029 1053 3112 hoc
1080 3032 1271 3138 glaucum,
1286 3029 1369 3128 ,illa
1396 3031 1511 3110 lutea.

842 3186 982 3271 Differt
1008 3189 1058 3270 ab
1084 3187 1368 3296 insequentibus
1395 3185 1559 3307 maximo
1586 3196 1695 3268 scuto
1723 3183 1916 3291 occipitali
1945 3181 2085 3294 (medio
2104 3187 2277 3294 postico,
2308 3189 2408 3270 inter

791 3357 992 3452 utrumque
1019 3341 1205 3450 parietale
1232 3341 1349 3454 sito),
1379 3343 1427 3424 ad
1455 3339 1618 3424 frontale
1645 3341 1769 3452 quoad
1796 3343 2034 3426 latitudinem
2060 3346 2286 3444 accedente,
2321 3347 2406 3452 ipso

790 3507 946 3589 frontali
987 3507 1026 3588 in
1065 3505 1318 3588 anterioribus
1359 3532 1481 3613 aeque
1523 3508 1622 3604 lato,
1666 3531 1780 3613 quam
1815 3507 1854 3586 in
1888 3509 2195 3615 posterioribus,
2239 3509 2405 3616 squamis

791 3675 1005 3768 temporum
1040 3663 1150 3760 latis,
1194 3662 1354 3770 pedibus
1390 3661 1550 3767 posticis
1586 3661 1633 3742 ad
1669 3685 1860 3796 mmomm
1895 3689 2016 3771 nsque
2049 3663 2264 3770 juncturam
2298 3690 2407 3747 ncce-

791 3819 978 3910 dontibus.
2081 3827 2086 3834 '

1278 4180 1508 4267 LACERTA
1535 4183 1734 4267 VIRIDIS
1760 4183 1915 4268 DAUD.

982 4493 986 4507 ’
1117 4478 1119 4489 ’
1174 4475 1272 4610 Seps
1298 4499 1453 4599 uarios,
1482 4501 1615 4582 uiridis
1645 4515 1680 4582 et
1707 4503 1871 4583 sericeas
1898 4503 2015 4584 Lonr.

1172 4659 1265 4741 Lac.
1296 4659 1476 4740 biliacotc
1503 4655 1632 4741 Βανά.
1652 4659 1739 4764 juo.
1770 4688 1870 4768 spec.

844 5033 1010 5132 Viridis,
1039 5033 1499 5140 lateribusulplurimum
1525 5031 1815 5140 nigro-alboque
1841 5034 2057 5139 punctalis,
2088 5048 2154 5117 aut
2178 5038 2343 5121 tenuiter
2360 5065 2407 5122 ex

791 5193 951 5292 viridi-,
981 5191 1295 5299 flauo-nigroque
1312 5192 1523 5292 maculata,
1553 5190 1699 5274 inferne
1717 5191 1872 5290 viridis,
1902 5193 2093 5296 subflavo,
2120 5198 2266 5304 passim
2284 5199 2407 5308 nigro·

791 5348 990 5433 maculata.

843 5509 944 5592 Heb.
975 5507 1014 5586 in
1040 5503 1231 5604 Caucaso,
1267 5508 1322 5590 cis
1350 5519 1403 5594 et,
1418 5509 1519 5590 ultra
1543 5508 1785 5616 jugumejus
1814 5513 1927 5618 inque
1955 5511 2220 5594 astrabadensi
2249 5513 2404 5614 littore;

793 5669 829 5748 in
857 5669 958 5749 omni
986 5691 1138 5777 quoque
1163 5665 1305 5750 Rossia
1329 5669 1589 5768 meridionali,
1621 5669 1659 5748 in
1686 5667 1927 5750 Chersoneso
1954 5669 2114 5752 tainica.

844 5827 890 5911 In
915 5832 1097 5914 mucosis
1125 5844 1234 5915 scuta
1261 5833 1334 5914 duo
1362 5845 1452 5940 post
1478 5856 1589 5915 nares
1618 5831 1715 5931 sita,
1754 5831 1904 5940 sibique
1941 5829 2100 5916 invicem
2135 5835 2402 5960 supraposita,

791 5946 963 6090 ejusdem
996 6008 1082 6068 cum
1117 5962 1338 6114 insequente
1366 5989 1482 6070 tertio
1510 5985 1797 6094 magnitudinis,
1837 5986 1951 6068 simul
1977 5999 2152 6095 sumpta,
2191 5989 2404 6095 temporale

793 6154 941 6224 scutum
959 6141 1122 6224 medium
1140 6149 1296 6256 reliquis
1314 6151 1435 6232 multo
1454 6148 1588 6254 majus.
1619 6147 1894 6228 Astrndodeosi
1908 6148 2086 6228 varietati
2105 6172 2244 6256 corpus
2263 6147 2403 6243 viride,

793 6298 1052 6404 subglauoum,
1081 6301 1447 6408 nigro-maculatum,
1478 6305 1634 6386 maculis
1663 6304 1807 6409 passim
1834 6303 1873 6382 in
1892 6313 2054 6412 utroque
2078 6305 2199 6388 latere
2217 6303 2407 6386 conduen-

795 6450 916 6546 tibus,
959 6452 1145 6534 abdomen
1170 6479 1219 6534 ex
1245 6454 1538 6558 llavido-viride,
1579 6459 1881 6568 immaculatum
1921 6457 2089 6538 colchica
2125 6459 2200 6538 illis
2237 6454 2404 6560 longior,
