5582 7752
1337 765 1576 843 ...r-

644 953 821 1060 lenteque
848 954 949 1032 ultra
975 948 1171 1056 prolertur
1197 950 1236 1028 in
1253 948 1412 1060 planitie
1440 947 1511 1029 bac
1530 947 1713 1028 Albaniae
1739 949 1923 1053 pristinae
1944 947 2183 1058 ²Cambysene
2199 949 2262 1058 (Ἴ,

646 1121 687 1188 ut
715 1133 995 1216 quaquaversus
1023 1106 1115 1186 duat
1140 1131 1215 1188 non
1241 1108 1339 1224 bene
1366 1109 1635 1214 conspiciatur.

697 1270 781 1349 lam
831 1295 922 1350 vero
959 1267 1079 1376 Cyrus
1115 1271 1296 1351 deaermn
1333 1271 1451 1350 intrat
1496 1271 1693 1376 planitiem
1732 1271 2103 1374 Schamachensem‚
2143 1273 2267 1354 Cara—

644 1416 827 1524 bagbeosi
872 1443 920 1498 er
957 1419 1138 1523 opposito
1175 1419 1309 1517 sitam,
1357 1420 1618 1527 innumerique
1656 1431 1869 1520 torrentes,
1903 1442 1938 1502 'e
1963 1420 2062 1527 jugis
2107 1419 2266 1502 Caucasi

644 1583 784 1662 montis
819 1581 1092 1680 orientalibus,
1132 1578 1326 1662 Coraxicis
1363 1581 1574 1688 antiquitus
1591 1550 1931 1680 ‘dictis,·‘summo
1975 1581 2121 1687 impetu
2163 1581 2267 1662 dele·

644 1748 800 1833 rantur,
839 1735 1045 1842 pluresque
1072 1733 1280 1817 Golttscbai
1316 1748 1356 1817 ct
1392 1737 1639 1836 Gardemaui,
1678 1737 1803 1818 Turan
1837 1739 1925 1819 dein
1960 1748 2001 1818 et
2037 1738 2124 1836 alii,
2164 1738 2267 1818 lacus

559 1879 571 1902 ⁸
643 1897 808 2002 majores
835 1899 960 2002 primo
987 1923 1077 1977 vere
1104 1895 1380 1994 coiifficientes,
1410 1911 1664 1998 concurrunt,
1688 1901 1807 1981 donec
1835 1901 1960 1982 Arare
1988 1901 2072 2006 ipso
2094 1909 2265 2005 recepto,

576 2063 579 2070 ’
644 2077 692 2133 eu
719 2053 879 2132 adverso
909 2051 1034 2132 Akssu
1072 2053 1277 2150 torrentis,
1316 2051 1459 2158 Cyrus,
1499 2054 1663 2134 sinuosis
1701 2056 1859 2137 lleribns
1887 2057 1926 2134 in
1951 2055 2149 2136 meridiem
2182 2055 2269 2133 des.-

644 2209 829 2330 cendsns‚
870 2209 910 2288 in
942 2209 1113 2313 caspium
1140 2234 1244 2290 mare
1280 2208 1441 2316 ejusque
1477 2211 1600 2290 sinam
1636 2211 2023 2318 Kisilagatschensem
2058 2213 2266 2294 deleratur.

696 2366 834 2472 Itaque
877 2365 1014 2446 llumen
1059 2364 1132 2446 boc
1165 2366 1328 2472 pristino
1372 2393 1467 2448 aevo
1511 2369 1550 2446 in
1594 2369 1770 2450 ulteriori
1815 2371 1978 2450 decursu
2022 2369 2266 2468 Armeniam,
2388 2371 2397 2386 '
2520 2465 2523 2472 ,

651 2519 821 2598 Tiridati
845 2519 926 2624 regi
952 2521 1044 2600 olim
1070 2521 1258 2619 deditam,
1296 2523 1345 2600 ab
1371 2523 1498 2602 Iberia
1526 2523 1761 2630 Albaniaquc
1788 2524 1990 2622 diviserat,
2029 2524 2142 2605 laodic
2178 2549 2270 2606 vero

645 2688 683 2764 in
711 2685 804 2789 ipsis
832 2683 967 2772 finibus
1000 2685 1159 2765 Turciae
1187 2685 1367 2765 asiaticae
1401 2696 1552 2782 ortum,
1582 2685 1746 2790 primum
1778 2687 1909 2764 Iberos
1946 2686 2027 2766 sive
2063 2685 2269 2766 hodiernos
2310 2761 2318 2774 ,

650 2813 885 2951 Georqiaaos
922 2844 1084 2941 ibidem,
1129 2869 1247 2948 porro
1289 2845 1326 2922 in
1359 2843 1565 2925 Cartalinia
1599 2870 1669 2924 nec
1705 2871 1781 2924 non
1819 2848 1856 2924 in
1892 2844 2072 2926 Cacbetia
2117 2847 2270 2926 eosdem

645 3007 794 3086 accolas
830 3005 948 3085 habet
989 3031 1036 3085 ac
1071 3005 1233 3110 denique
1273 3003 1490 3107 provinciae
1530 3003 1888 3108 Elisabethopolis,
1937 3003 2235 3109 Carabaghensis
2257 3065 2298 3100 ,.

646 3163 788 3243 deserti
813 3161 1002 3268 Moganici
1030 3185 1074 3240 ac
1104 3159 1294 3240 Sallianici
1329 3159 1471 3238 incolas
1507 3158 1689 3236 Torcc'cos
1706 3183 1754 3238 er
1772 3159 1894 3237 altero
1914 3158 2033 3239 latere
2060 3158 2279 3262 praeterit,

646 3342 694 3394 ex
721 3317 844 3394 altero
872 3339 963 3393 vero
991 3314 1077 3390 illos
1105 3261 1324 3417 provinciae
1349 3311 1566 3390 Schelinsis
1594 3324 1634 3394 et
1665 3295 2000 3410 Schamachensis,
2041 3314 2105 3418 qui
2142 3314 2270 3420 itaque

645 3471 831 3575 postremi
859 3493 989 3550 ornnes
1021 3467 1129 3548 nario
1162 3466 1262 3546 vitae
1294 3491 1431 3572 genere
1458 3468 1668 3565 excellunt,
1703 3465 1837 3546 habitu
1864 3468 2056 3572 armisque
2088 3467 2269 3546 Persicae

573 3697 576 3702 .
645 3619 823 3724 proximi,
855 3643 986 3700 verum
1012 3629 1055 3696 ut
1072 3617 1180 3698 coeli
1206 3615 1437 3719 asperioris,
1469 3615 1524 3692 ita
1549 3625 1589 3693 ct
1617 3614 1767 3720 ingenii.

699 3779 882 3858 Albaniae
921 3777 1064 3858 veteris
1105 3778 1252 3856 incolae
1294 3775 1583 3854 turco-tatarc'ce'
1620 3777 1737 3880 magis
1785 3778 1901 3857 dediti
1943 3791 2030 3856 sunt
2060 3781 2268 3883 'pascendo

647 3933 778 4040 pecori
805 3941 846 4012 et
875 3929 1064 4010 affiniores
1106 3954 1200 4035 vago
1240 3931 1399 4034 generi,
1437 3953 1559 4037 neque
1594 3942 1720 4009 tamen
1755 3927 1936 4031 seroces,
1980 3935 2187 4042 eademque
2222 3938 2268 4015 de

646 4117 762 4172 causa
788 4091 904 4170 etiam
931 4087 1176 4172 mediocriter
1202 4087 1390 4167 bellicosi.
1429 4085 1560 4193 Neque
1595 4087 1709 4192 igitur
1735 4087 1880 4166 Persas
1908 4090 2123 4188 imitantes,
2153 4093 2267 4172 urbes

647 4254 859 4336 inhabitant
891 4265 933 4333 et
964 4277 1014 4332 ne
1040 4261 1160 4330 statas
1189 4249 1340 4354 quidem
1369 4249 1511 4344 sedes;
1551 4249 1727 4346 scilicet,
1758 4261 1800 4328 ut
1827 4251 1966 4355 pabula
1994 4253 2182 4351 invitant,
2213 4255 2268 4334 sic

648 4435 709 4490 res
744 4433 914 4514 opesque
949 4429 1036 4484 suas
1072 4427 1201 4483 secum
1236 4401 1390 4481 trahens
1426 4427 1539 4506 gens,
1572 4399 1883 4483 Schamachensis
1911 4408 2152 4510 potissimum
2179 4435 2269 4513 pro-

648 4564 793 4644 vinciae
821 4562 967 4656 incola,
998 4558 1153 4638 mobilia
1181 4581 1333 4661 semper
1367 4555 1579 4654 domicilia,
1611 4583 1707 4662 quae
1743 4560 1846 4638 a-ula
1882 4545 2057 4662 audiunt,
2097 4563 2290 4666 habitat,

648 4711 923 4815 continuoque,
954 4706 1154 4786 nomadum
1184 4731 1314 4804 more,
1356 4705 1516 4811 migrat,
1555 4731 1645 4812 gans
1676 4717 1846 4787 ceterum
1883 4709 2006 4806 mitis,
2046 4712 2193 4817 segnis,
2230 4723 2270 4793 et

649 4863 723 4946 nisi
749 4887 774 4944 a
795 4861 928 4942 vicinis
946 4859 1162 4940 monticolis
1179 4837 1413 4954 concitetur,
1443 4882 1565 4964 neque
1584 4859 1686 4938 bello
1704 4857 1920 4964 indulgens,
1949 4881 2072 4966 neque
2090 4885 2269 4944 novarum

649 5043 778 5100 rerum
800 5017 983 5098 studiosa.
2028 5021 2031 5030 ·

703 5177 826 5282 Hujus
856 5188 1053 5260 extremae
1083 5177 1266 5258 Albaniae
1296 5179 1420 5257 solum
1451 5203 1602 5284 quoque
1635 5177 1938 5279 fertilissimum,
1976 5185 2079 5290 quod
2117 5185 2270 5292 quidem

650 5342 773 5425 omnis
799 5343 947 5447 generis
983 5341 1170 5439 fructum,
1208 5342 1324 5420 etiam
1359 5341 1623 5440 mitissimum,
1662 5339 1833 5448 prolert,
1874 5371 2080 5452 omnesque
2121 5348 2269 5450 plantas

651 5503 838 5598 perpetuo
874 5491 956 5574 lere
988 5493 1177 5589 virentes,
1207 5517 1294 5574 cum
1321 5504 1521 5574 tamenne
1548 5493 1742 5572 minimum
1767 5453 1921 5600 (pridem
1955 5496 2128 5576 culturae
2164 5463 2273 5576 adhiss

648 5646 806 5744 boatum
836 5645 948 5731 sicuti
979 5645 1154 5729 dixerunt
1193 5645 1326 5746 uobis,
1365 5645 1497 5751 adjicit
1532 5645 1678 5729 Strabo
1714 5647 1798 5755 (**),
1833 5648 1916 5753 qui
1944 5647 1997 5726 ibi
2032 5647 2266 5747 militarunt,

691 6015 737 6107 rs)
758 6013 934 6080 Plantarum
957 6040 1102 6083 novarum
1126 6017 1465 6106 caspio-caucasiarum
1489 6017 1630 6082 fasciculi
1656 6013 1700 6080 11.
1735 6015 1844 6084 Vilnac
1871 6016 1978 6100 1833,
2004 5979 2079 6107 page
2101 6017 2158 6086 25.

653 6124 750 6268 su)
779 6175 892 6246 saar.
929 6175 1191 6264 angi-apaan.
1225 6179 1285 6248 xr.
1317 6205 1387 6267 erp.
1422 6179 1479 6248 ιν.
1508 6185 1534 6263 ς.
1568 6179 1601 6246 a.
1634 6205 1670 6248 n
1695 6140 1769 6248 sarr.
1805 6180 1835 6244 r.
1861 6181 1896 6245 r.
1933 6179 2149 6260 salaman,
2180 6177 2266 6264 nn.

657 6285 754 6362 1806.
779 6288 866 6359 Tam.
889 6287 945 6360 IV.
964 6311 1034 6378 paq.
1061 6285 1139 6354 421.
