5582 7752
1210 821 1264 838 ..
1317 775 1341 858 9
1394 820 1447 838 ..

520 963 674 1044 omnino
707 959 919 1042 deformata
951 955 1158 1062 adparatu
1197 950 1319 1059 quid?
1353 950 1455 1058 quod
1489 957 1620 1031 nostm
1654 946 1770 1030 etiam
1800 947 1985 1033 memoria
2021 953 2135 1036 tantis

520 1115 690 1207 tenebris
722 1112 844 1194 omnis
873 1110 990 1217 plngu
1022 1103 1186 1212 lesplicc
1219 1112 1392 1185 montosa
1420 1099 1639 1188 obnubilata
1665 1098 1737 1197 sit,
1776 1108 1820 1178 ut
1842 1098 2025 1225 genuinus
2045 1102 2135 1214 ejus

521 1272 620 1354 situs
645 1271 836 1355 nobismet
862 1267 955 1376 ipsis
981 1265 1134 1346 minime
1157 1272 1313 1368 pateat,
1338 1271 1391 1342 et
1412 1261 1569 1366 ⁴riudum
1595 1284 1737 1366 nuper,
1767 1285 1882 1366 quum
1907 1261 2138 1346 russicarum

521 1435 718 1543 copiarum
750 1434 864 1516 duces
898 1441 1032 1512 contra
1064 1425 1245 1510 rebellem
1276 1423 1537 1534 famosumque
1564 1424 1862 1510 litari-Mullum
1888 1425 1948 1508 his
1976 1428 2016 1508 in
2042 1429 2136 1512 locis

521 1597 752 1698 pugnarent,
781 1585 909 1692 aliqua
934 1581 1084 1662 demum
1110 1579 1260 1660 illarum
1286 1579 1518 1662 latebrarum
1544 1577 1681 1658 notitia
1707 1577 1755 1658 ad
1781 1601 1850 1658 nos
1877 1581 2107 1682 pervenerit.

575 1749 674 1830 Hinc
701 1769 852 1855 quoque
880 1740 1129 1838 factumest,
1159 1750 1202 1818 nt
1228 1738 1337 1818 nobis
1365 1737 1501 1818 nedum
1527 1738 1624 1818 bene
1652 1735 1860 1818 innotuerit
1887 1731 1970 1819 lons
1988 1747 2138 1820 torren—

524 1907 597 2005 tis,
626 1931 649 1988 e
675 1902 868 1986 cacumine
895 1899 1069 1982 caucasio
1088 1887 1236 1980 summo
1253 1899 1399 2005 impetu
1416 1898 1533 1981 undas
1552 1897 1758 1995 volventis,
1790 1893 1991 1995 Samurm,
2019 1897 2138 1986 mirae

524 2068 710 2151 vastitatis
736 2067 879 2164 amab,
910 2064 1047 2150 Albani
1064 2063 1313 2170 pristinorum
1329 2073 1550 2162 auctorum,
1580 2062 1628 2144 ad
1649 2060 1742 2146 fines
1761 2061 1945 2144 Albaniae
1970 2073 2011 2142 et
2038 2060 2139 2144 baud
2264 2129 2269 2138 .

521 2233 658 2339 procul
681 2259 705 2316 a
727 2232 849 2338 portis
872 2219 1028 2310 Albanis
1056 2228 1137 2308 sive
1162 2226 1326 2332 caspiis,
1357 2227 1396 2308 in
1422 2251 1526 2308 mare
1554 2225 1746 2308 irruentis.
1777 2225 1852 2323 Qui
1879 2251 1970 2310 vero
1997 2227 2140 2309 violen
2202 2255 2207 2264 ’
2262 2233 2267 2238 ’

522 2386 622 2486 tior,
658 2384 913 2481 ementium,
949 2383 988 2462 ni
1017 2379 1150 2480 fallor,
1180 2378 1518 2462 Cabutscbensium
1543 2377 1800 2460 cacuminibus
1827 2388 1958 2474 ortus,
1989 2377 2139 2484 longum

521 2551 597 2632 iter
623 2547 818 2656 bucusque
844 2545 1045 2643 emetitur,
1073 2543 1290 2650 sensimque
1307 2543 1479 2648 rapidior
1494 2540 1538 2622 fit
1561 2553 1602 2623 et
1619 2567 1802 2648 praeceps
1830 2541 1870 2622 in
1895 2542 2011 2622 imam
2034 2542 2135 2641 ruit,
2241 2535 2249 2564 '

522 2731 638 2812 mum
656 2714 829 2785 econtra
846 2699 965 2808 Cyrus
983 2699 1084 2780 baud
1110 2699 1232 2780 minus
1259 2699 1474 2804 spatiosus,
1503 2710 1544 2778 at
1560 2699 1766 2804 placidior,
1796 2698 1939 2780 devexa
1955 2697 2139 2780 Albaniae

522 2873 735 2968 percurrat.
766 2859 962 2940 Somuram
988 2869 1199 2938 torrentem
1224 2883 1247 2938 e
1271 2855 1439 2963 lesgbica
1456 2856 1576 2962 stirpe
1593 2856 1823 2962 praesertim
1840 2867 1970 2938 tenuit
1986 2854 2140 2938 latria

522 3049 604 3120 sas,
635 3021 811 3117 Rutulas,
840 3016 1146 3127 Doluspcrr'mcs
1171 3025 1213 3096 et
1238 3013 1512 3123 Altrpcriascm
1547 3014 1612 3120 qui
1639 3037 1769 3094 omnes
1795 3015 1925 3118 plnres
1953 3027 2139 3120 occupant

521 3207 663 3291 pagos,
693 3207 816 3289 nuper
841 3207 864 3262 a
890 3180 1013 3286 copiis
1041 3177 1197 3258 rossicis
1223 3177 1458 3284 exploratos.

575 3343 620 3422 In
653 3342 868 3423 universum
901 3337 1260 3444 licsr'kumpcccrum
1293 3359 1363 3414 sno
1396 3333 1519 3415 cbano
1552 3333 1657 3414 dictu
1682 3333 1939 3414 obedientium
1965 3343 2140 3414 montosa

522 3507 732 3614 asperitate
763 3504 880 3586 nimia
913 3504 1105 3582 inaccessa
1137 3511 1226 3578 sunt
1259 3509 1300 3578 et
1331 3498 1487 3578 summis
1515 3495 1673 3576 Caucasi
1693 3495 1805 3602 jugis
1840 3494 2137 3590 adnumeranda,

523 3659 624 3738 ultra
649 3682 719 3754 ea,
747 3657 789 3736 in
825 3651 1125 3762 septentrionem
1160 3649 1372 3731 demittitur
1408 3647 1627 3746 brachium,
1667 3645 1852 3751 parallela
1887 3644 2163 3749 utplurimum

523 3813 671 3894 ratione
697 3812 744 3891 ad
777 3835 885 3890 oram
919 3809 1088 3913 caspiam
1123 3808 1351 3903 decurrens,
1388 3832 1411 3912 a
1450 3830 1525 3911 qno
1563 3803 1658 3884 rami
1692 3801 1840 3906 copiosi
1881 3802 2061 3885 laterales
2098 3801 2142 3884 in

522 3975 710 4056 orientem
735 3970 1004 4078 proteruntur,
1034 3969 1120 4076 qui,
1151 3968 1250 4048 inter
1277 3968 1466 4048 saltuosas
1493 3966 1607 4071 bujus
1623 3965 2028 4072 Dapestnnioitrnctns
2045 3987 2137 4044 con·

523 4135 663 4232 valles,
694 4131 928 4212 torrentibus
954 4127 1167 4210 numerosis
1192 4123 1376 4231 originem
1402 4125 1599 4231 praebent.

575 4293 621 4373 In
647 4315 785 4372 occasu
810 4288 957 4372 brachii
984 4287 1150 4366 montosi
1176 4285 1387 4388 asperrima
1414 4287 1624 4364 Auarorum
1659 4285 1944 4391 vicinorumque
1980 4284 2138 4390 Lesgbi-

522 4471 655 4528 corum
680 4445 797 4552 regio
821 4445 931 4550 longe
949 4443 1101 4550 lateque
1124 4442 1359 4542 dominatur,
1389 4443 1539 4550 triplice
1556 4468 1665 4526 amne
1683 4433 1963 4530 torrentissimo
1982 4447 2137 4548 Koissn,

496 4597 731 4710 ‘antiquitus
758 4593 890 4718 Cassio
916 4595 1047 4693 dicto,
1077 4594 1245 4700 irrigata.
1276 4595 1350 4675 llic
1386 4597 1558 4676 locorum
1591 4595 1810 4688 Tscbirirer,
1848 4607 1889 4679 et
1922 4623 2017 4704 prae
2052 4599 2137 4681 aliis

523 4758 696 4838 omnibus
723 4783 841 4865 pagus
869 4757 1084 4838 inaccessus
1113 4755 1258 4853 Himri,
1289 4755 1396 4836 clade
1422 4779 1590 4861 neceque
1624 4753 1906 4865 lilasi-Multae
1933 4755 2135 4854 notabilis,

524 4909 624 4992 band
650 4911 704 4990 ita
729 4911 865 5016 procul
891 4935 918 4990 a
941 4919 1114 4990 torrente
1142 4907 1209 4988 illo
1236 4906 1275 4986 in
1302 4931 1448 4988 sunnno
1475 4905 1659 4986 mondum
1684 4905 1878 4986 cacumine
1905 4904 2046 5009 jacent.
2076 4967 2078 4975 Α

575 5066 897 5162 Quemadmodum
915 5089 1007 5145 vero
1031 5064 1088 5145 cis
1115 5063 1285 5146 Cassium
1311 5063 1350 5142 in
1376 5087 1446 5145 orn
1472 5062 1728 5145 Tarlrbuensis
1746 5061 1904 5160 civitas,
1923 5061 2140 5146 :Semondes

523 5229 672 5335 pridem
697 5230 821 5326 dicta,
852 5229 909 5308 sic
936 5228 1038 5306 ultra
1063 5253 1151 5309 eum
1163 5319 1164 5322 q
1177 5227 1383 5308 dominium
1409 5227 1613 5306 notabatur
1639 5201 1912 5334 lluuryccorum
1929 5253 2020 5334 cupa
2034 5233 2140 5336 rapti

524 5391 650 5498 capite
676 5391 840 5487 Enderi,
870 5414 1031 5496 quorum
1063 5389 1156 5471 lines
1193 5392 1285 5498 legit
1322 5389 1493 5476 Sundsba
1528 5391 1670 5493 amnis,
1692 5392 1832 5500 ··.iisqae
1848 5447 1851 5458 ·
1869 5391 2016 5475 finitimi
2051 5409 2140 5476 sunt

524 5549 886 5645 martinensem
913 5546 972 5628 his
1001 5547 1385 5632 Kcrcilcr'tcutecses
1394 5584 1408 5646 ,1
1438 5575 1534 5657 quos
1556 5551 1669 5634 ‘inter
1703 5563 1748 5642 et
1786 5545 2138 5634 Tubusscrcoemci

523 5712 611 5816 pagi
655 5732 724 5790 sex
765 5707 1091 5788 liabetsclcosium
1125 5735 1148 5790 e
1182 5709 1334 5816 regione
1368 5721 1542 5794 montosa
1577 5709 1855 5791 Derbandensis
1888 5709 1986 5793 arcis
2011 5707 2140 5793 olien-

524 5873 674 5954 dnntur.
693 5871 815 5970 Quod
841 5873 1001 5953 interest
1027 5871 1163 5978 spatii,
1193 5873 1307 5954 inter
1321 5883 1444 5952 toturn
1469 5871 1584 5976 bujus
1604 5873 1783 5952 torrentis
1809 5874 2029 5972 decursum,
2052 5875 2137 5958 inde

525 6023 574 6104 ob
606 6023 691 6128 ejus
718 6021 844 6122 fonte,
875 6023 936 6104 cni
963 6041 987 6102 a·
1012 6025 1170 6105 meridie
1186 6023 1404 6106 ¹Casbelrius
1438 6047 1568 6120 mons,
1606 6023 1691 6104 nive
1727 6021 1927 6123 candidus,
1967 6027 2134 6126 accedit,

442 6207 446 6218 ·
525 6175 573 6255 ad
597 6172 736 6254 dissoni
761 6197 881 6280 usque
914 6197 1084 6270 mnam,
1132 6175 1172 6253 in
1206 6175 1316 6252 illum
1348 6175 1578 6272 irruentem,
1615 6199 1705 6280 gens
1736 6173 2139 6264 scamellorum

526 6345 638 6413 atrox
664 6355 708 6411 nc
725 6355 837 6412 sacra
848 6343 982 6428 tenet,
1013 6356 1110 6438 qnae
1127 6355 1222 6437 prae
1237 6332 1382 6414 ceteris
1397 6331 1580 6416 caucasiis
1599 6334 1844 6420 cummaxime
1863 6335 1971 6433 intra
1988 6347 2135 6424 montes

664 6493 836 6552 Eudamo
854 6495 1023 6570 Fanncssp.
1043 6511 1122 6550 canc.
1984 6499 2001 6550 3
