5628 7750
1098 819 1359 910 -Ᾰςγὺ

597 1210 601 1228 Ι
681 1214 1187 1378 *rflnrnocnrrllnus
1213 1283 1558 1372 flauosmrus
1583 1281 1730 1369 Kaous
1796 1337 1842 1353 ..

782 1593 946 1674 Lacerta
972 1589 1186 1696 helioscopo
1213 1585 1316 1668 Poll.

782 1754 929 1862 Pqun.
952 1750 1183 1859 leb'oscopos
1202 1763 1237 1830 ct
1256 1749 1534 1831 coudrboloolns
1554 1747 1723 1879 Eversrn.

470 2057 501 2138 E
529 2057 681 2138 cinereo
708 2051 826 2134 barus
838 2111 850 2151 ,
879 2053 987 2159 nigro
1008 2047 1191 2158 fuscoque
1209 2049 1443 2148 maculatus,
1474 2047 1640 2154 squamis
1658 2045 1802 2152 passim
1819 2045 2033 2152 granulnto

417 2217 664 2323 prominulis,
694 2215 912 2312 muricatis,
941 2213 1061 2299 cauda
1087 2213 1291 2312 mediocri,
1321 2211 1406 2292 basi
1430 2195 1595 2310 latiore,
1624 2211 1821 2314 muricata.

469 2397 570 2478 Heb.
608 2397 647 2477 in
681 2395 783 2478 omni
819 2421 887 2476 ora
921 2395 1098 2476 orientali
1132 2393 1254 2500 caspii
1287 2395 1427 2492 maris,
1466 2417 1590 2498 prope
1617 2391 1883 2498 Tjukkaragan
1914 2401 1955 2472 et
1988 2391 2036 2472 sd

417 2551 541 2632 sinum
559 2548 876 2648 Balcbnnensem,
899 2573 1105 2658 versusque
1123 2549 1247 2632 lacum
1265 2548 1509 2645 Arniensem,
1540 2547 1659 2628 multo
1679 2543 1914 2662 frequentior
1931 2555 2036 2629 ante-

417 2716 599 2827 cedente3
629 2716 783 2798 obvenit
810 2741 962 2823 quoqne
990 2715 1027 2794 in
1054 2714 1156 2794 omni
1184 2712 1338 2794 deserto
1357 2711 1474 2792 Arari
1501 2711 1600 2792 amni
1619 2711 1766 2810 vicino,
1798 2733 1921 2817 prope
1938 2707 2038 2790 Der·

417 2846 577 2950 boisban
589 2927 600 2965 ,
631 2867 670 2946 in
696 2893 766 2948 ora
792 2869 922 2976 itaque
950 2868 1179 2949 occidentali
1206 2866 1327 2972 caspii
1354 2867 1485 2946 maris.

470 3029 594 3137 Caput
620 3029 826 3131 tumidum,
857 3055 1124 3137 squamosum,
1155 3029 1321 3139 squamis
1348 3033 1478 3137 paullo
1505 3029 1714 3136 majoribus
1743 3029 1819 3110 illis
1845 3030 2036 3141 corporis,

420 3190 523 3271 circa
550 3188 715 3271 frontem
741 3201 782 3270 et
807 3189 992 3271 uerticem
1008 3188 1181 3270 maximis
1193 3249 1204 3288 ,
1234 3188 1479 3291 incrassatis,
1509 3189 1623 3297 inque
1650 3189 1806 3297 regione
1832 3187 2039 3270 auriculari

420 3355 460 3424 et
488 3341 622 3424 collari
649 3341 868 3444 muricatis,
904 3344 1073 3452 squamis
1102 3344 1276 3462 corporis
1305 3344 1510 3425 ventricosi
1538 3344 1707 3454 exiguis,
1745 3344 1891 3455 passim
1924 3345 2040 3426 mori-

419 3501 516 3582 catis
528 3473 539 3600 ,
575 3500 716 3606 pedum
742 3526 908 3608 superne
936 3502 1211 3600 subcarinatis,
1250 3502 1379 3610 paullo
1407 3501 1638 3607 majoribus,
1675 3503 1893 3602 muricatis,
1923 3502 2040 3586 abdo—

421 3651 532 3732 minis
561 3651 808 3754 laevissimis3
837 3654 957 3734 cauda
985 3679 1150 3762 corpore
1176 3655 1328 3736 vixdum
1355 3656 1523 3762 longior,
1554 3656 1593 3738 in
1611 3656 1694 3736 basi
1711 3657 1832 3736 multo
1851 3654 2038 3754 crassior,

422 3831 535 3912 quam
562 3803 601 3886 in
627 3807 897 3906 antecedente,
927 3809 1067 3890 sensim
1096 3810 1269 3910 tenuior,
1299 3809 1731 3923 murimto·squamosa.·

474 3960 650 4046 Maculae
678 3963 768 4044 colli
795 3965 891 4046 duae
918 3967 1063 4070 passim
1097 3967 1355 4066 ruberrimae,
1394 3968 1500 4048 dorsi
1526 3965 1832 4050 coerulesoentes
1859 3978 1901 4048 et
1925 3967 2042 4076 nigri-

423 4139 578 4222 cantes,
614 4151 686 4234 per
720 4128 832 4233 plura
868 4129 975 4235 paria
1002 4131 1237 4234 dispositae,
1275 4131 1395 4211 cauda
1423 4133 1533 4236 apice
1560 4132 1687 4240 nigra,
1726 4130 1873 4215 inferne
1901 4133 2040 4230 rubra,

423 4291 609 4370 abdomen
636 4290 786 4386 album,
823 4291 966 4398 passim
992 4289 1377 4388 rubro-maculatum,
1407 4289 1564 4370 maculis
1592 4287 1815 4369 rarioribus.
1856 4255 1951 4370 lliis
1978 4256 2044 4372 de·

424 4460 512 4530 sunt
547 4449 719 4530 maculae
755 4449 893 4531 rubrae
928 4461 969 4532 et
1001 4451 1226 4548 coeruleae,
1265 4450 1350 4530 aliis
1384 4451 1536 4531 demum
1568 4451 1738 4534 maculae
1764 4451 1855 4532 colli
1881 4451 1978 4534 duae
2006 4452 2045 4532 in

424 4629 499 4684 una
526 4601 627 4683 linea
653 4614 871 4686 transversa
898 4603 995 4684 sitae
1023 4603 1185 4702 rubrae,
1215 4603 1646 4712 coenuleo-marginatae
1657 4665 1669 4704 ,
1699 4604 1854 4685 dorsum
1882 4602 2042 4704 fuscum,

425 4764 804 4872 nigro-maculatum,
835 4764 961 4845 antico
988 4774 1029 4844 et
1055 4762 1205 4869 postico
1232 4773 1397 4869 quatuor
1418 4761 1575 4846 maculis
1594 4763 1782 4846 coeruleis
1801 4763 1841 4844 in
1859 4764 2045 4870 quadrato

426 4917 534 5017 sitis,
563 4885 684 5002 cauda
710 4916 1029 5025 nigro-maculata
1041 4977 1052 5016 ,
1084 4917 1307 5016 rotundato,
1339 4919 1388 4996 ab
1415 4917 1525 4998 initio
1552 4872 1812 5014 crassissima,
1843 4875 2044 5014 muricata,

426 5077 514 5158 dein
540 5065 750 5181 derepente
776 5077 905 5175 tenni,
936 5078 1063 5176 lutea,
1091 5078 1171 5183 jam
1197 5077 1398 5176 coerulea,
1429 5075 1540 5182 apice
1568 5077 1704 5176 rubra3
1735 5100 1875 5181 corpus
1894 5099 2048 5182 semper

427 5233 574 5318 inlerno
602 5235 753 5336 album,
783 5247 911 5317 mento
939 5248 1174 5344 pectoreque
1201 5235 1542 5344 nigro-maculatis.

480 5383 641 5466 Exstant
668 5406 820 5494 quoque
846 5385 943 5467 aliae
970 5385 1086 5490 hujus
1114 5355 1278 5494 species
1286 5387 1491 5470 varietates
1503 5445 1514 5486 ,
1545 5413 1644 5494 quae
1671 5411 1763 5468 vero
1782 5411 1912 5466 omnes
1932 5385 2047 5466 variis
2193 5467 2201 5484 ,

428 5541 603 5650 corporis
632 5543 843 5650 superioris
870 5545 965 5626 locis
993 5545 1201 5628 muricatae
1219 5539 1293 5656 ('),
1324 5546 1511 5656 aPlryo.
1535 5545 1792 5626 caudicolvolo
1810 5511 2049 5628 rel'maxime

430 5705 636 5823 recedunt,
664 5719 708 5788 ut
725 5718 918 5791 taceamus
937 5711 983 5790 de
1002 5710 1108 5790 vario
1128 5711 1300 5792 colorum
1321 5711 1429 5810 lusu,
1459 5723 1660 5820 utramque
1678 5709 1846 5818 speciem
1864 5733 2049 5821 perquam

429 5867 695 5978 distinguente.

472 6205 516 6298 s)
537 6207 578 6276 V.
602 6211 714 6279 bonnm
730 6210 797 6298 ejrrs
812 6211 939 6298 ligoram
955 6213 1035 6297 apud
1051 6215 1111 6282 cel.
1132 6209 1361 6282 Grovcnlrorrt
1407 6217 1484 6280 uber
1499 6212 1708 6306 Pbrynoscma
1724 6217 1918 6296 orbiculare,
1942 6213 2048 6303 Pbry-

430 6289 619 6384 nocepbnlns
638 6297 858 6385 helioscopos,
879 6304 959 6380 eto,
984 6299 1018 6366 in
1040 6295 1121 6368 Nor.
1146 6299 1218 6367 Act.
1242 6297 1341 6368 dead.
1366 6258 1440 6368 liat.
1465 6297 1589 6369 Curios.
1613 6290 1702 6369 lom.
1720 6328 1789 6369 xvi.
1815 6315 1896 6390 part.
1915 6327 1953 6368 ιι.
1978 6324 2048 6388 pag.

430 6379 509 6455 934.
534 6385 612 6454 Tan.
636 6409 722 6455 ιω.
748 6389 800 6473 ligr
826 6384 877 6448 9-
893 6384 946 6453 14.
978 6385 1085 6456 Minus
1104 6393 1202 6458 bonae
1224 6390 1333 6456 icones
1354 6402 1473 6463 exstant
1494 6395 1577 6478 apud
1599 6389 1755 6460 Eversm.
1789 6395 1812 6460 l.
1840 6415 1872 6456 o.
1897 6392 1930 6457 in
1954 6413 2047 6456 nonu.

430 6469 544 6556 blein,
568 6487 629 6542 etc.
656 6467 733 6542 lab.
759 6499 864 6542 xxxin.
890 6476 942 6561 lig.
973 6473 1002 6540 l.
1027 6475 1060 6542 2.
1915 6493 1918 6502 '
