5582 7752
1397 761 1450 786 ..
1505 723 1553 805 12
1604 763 1658 785 ...

770 902 914 986 Versus
948 897 1144 982 meridiem
1172 893 1416 984 Codariliaoe
1443 897 1564 1006 gs'ntis
1591 921 1664 1004 per
1689 895 1782 1004 juga
1805 893 1962 980 Canocsi
1989 899 2068 980 alia
2091 901 2331 1006 protenditur

716 1081 806 1164 gens
839 1053 923 1136 ¹lera
958 1065 999 1134 et
1024 1050 1228 1156 suijuris,
1272 1049 1419 1150 Ossan,
1447 1075 1613 1160 quorum
1640 1077 1738 1136 invii
1766 1051 1911 1151 tribus,
1951 1079 2005 1134 sc.
2036 1053 2193 1160 Dopor,
2233 1055 2331 1148 Wol-

715 1168 877 1307 unns,
910 1175 1081 1314 Gurqnt,
1117 1205 1151 1288 Τ
1151 1217 1297 1314 nqaurj,
1326 1205 1549 1304 Beberaci,
1583 1205 1749 1305 Tusco,
1778 1205 1915 1304 Nora,
1944 1203 2164 1314 Diramnpa
2189 1209 2331 1316 utiiipuo

716 1361 943 1448 Casbeliium
969 1375 1138 1446 montem
1164 1391 1196 1446 a*
1214 1365 1387 1474 quolibet
1413 1367 1535 1470 latere
1562 1376 1713 1464 tenent,
1739 1366 1889 1473 ,partim
1921 1365 2034 1448 liberi
2068 1379 2117 1458 et,
2142 1367 2328 1468 indomiti,

714 1531 763 1612 ad
790 1540 981 1612 torrentes
1008 1527 1140 1612 Urnch
1166 1539 1207 1610 et
1233 1528 1399 1629 dradon,
1431 1528 1634 1612 'lerekium
1660 1539 1849 1636 petentes,
1880 1531 2021 1636 partim
2047 1556 2139 1612 vero
2165 1531 2330 1614 Rossico

549 1707 564 1738 ⁰
637 1745 640 1754 ·
715 1695 878 1802 imperio
905 1693 1022 1776 dediti
1048 1706 1089 1776 et
1115 1693 1251 1792 mites,
1281 1673 1383 1774 ultra
1410 1692 1553 1774 iontem
1579 1693 1732 1775 Tereldi
1759 1704 1801 1776 et
1825 1692 1996 1776 Liachwi
2022 1719 2144 1802 prope
2172 1691 2331 1777 Tuchin-

715 1857 808 1940 wali‘
829 1858 1029 1938 castellum
1056 1867 1096 1937 et
1122 1856 1215 1938 alibi
1241 1881 1422 1938 cavernas
1451 1855 1490 1935 iu
1517 1811 1691 1938 calcnrea
1717 1883 1812 1962 rupe
1839 1869 2039 1984 excavatas
2058 1857 2327 1954 inhabitantes,

715 2017 856 2124 quique
889 2017 986 2098 adeo
1014 2015 1183 2124 imperiti
1209 2025 1298 2096 sunt
1319 2016 1533 2122 ponderum
1560 2026 1600 2098 et
1626 2039 1911 2116 mensurarum,
1949 2031 1993 2098 ut
2019 2019 2068 2100 ab
2095 2019 2231 2100 astutis
2260 2017 2332 2098 Ar-

713 2175 829 2256 menii
857 2175 1027 2283 quotidie
1054 2175 1093 2256 in
1119 2173 1338 2256 domesticis
1364 2173 1478 2254 feius
1497 2174 1666 2286 edsius
1686 2173 1877 2273 iurantur,
1908 2136 2216 2282 questurum
2233 2195 2331 2256 mm-

713 2361 789 2443 que
822 2334 972 2417 civilem
997 2348 1038 2416 et
1064 2335 1333 2442 agriculturam
1359 2336 1571 2442 improvide
1597 2337 1761 2437 obeant,
1791 2339 1993 2446 omniaque
2020 2340 2068 2420 ad
2093 2327 2199 2422 vitae
2223 2363 2332 2420 usum

710 2487 946 2592 pertinentia
971 2487 1205 2596 negligenter
1232 2499 1410 2570 tractent.
1572 2533 1577 2542 ·
1712 2460 1726 2494 ⁸
1843 2486 1849 2500 '

765 2651 822 2732 Jis
848 2677 897 2732 ex
922 2651 1084 2733 adverso
1112 2649 1269 2732 Caucasi
1293 2652 1384 2758 juga
1409 2653 1540 2733 colunt
1568 2651 1716 2734 feroces
1744 2665 1951 2762 nostreque
1978 2657 2129 2738 demum
2147 2654 2331 2734 memoria

714 2807 847 2887 domiti
877 2805 1112 2888 Caratscdas'
1135 2791 1416 2888 Abadseohicae
1443 2809 1599 2914 stirpis,
1638 2836 1662 2890 a
1688 2779 1979 2914 septentrionali
2005 2809 2327 2906 Elbu'rimontis,

714 2965 755 3046 in
779 2966 1029 3048 celsissimum
1052 2963 1323 3069 Caucasiornm
1349 2989 1529 3048 cacumen
1555 2966 1669 3063 elati,
1695 2966 1835 3047 radice
1860 2964 2069 3048 adientes
2104 2987 2224 3075 inquo
2259 2965 2332 3046 Cu-

713 3123 802 3206 bani
828 3135 869 3206 et
894 3111 1058 3221 Malene,
1088 3122 1252 3203 amnium
1279 3123 1656 3240 torrentissimorum,
1687 3107 1900 3206 inaccessas
1927 3127 2118 3206 concedes
2142 3127 2330 3206 saltuosas

713 3298 971 3394 occupantes,
1006 3285 1071 3394 qni
1106 3265 1240 3367 habitu
1275 3287 1467 3394 armisque
1494 3286 1725 3366 cnburds'unc
1751 3288 1853 3393 genti
1879 3267 2066 3393 proximi,
2104 3301 2145 3369 at
2169 3300 2331 3394 propter

659 3521 661 3526 .
712 3441 885 3546 asperius
913 3439 1063 3520 coelum
1087 3449 1370 3536 montosornm,
1409 3449 1450 3520 et
1477 3440 1578 3547 quod
1604 3463 1681 3518 uon
1706 3437 1792 3519 fixis
1817 3441 1994 3539 sedibus,
2033 3443 2102 3524 sed
2128 3441 2330 3522 mobilibus

658 3689 659 3692 q
708 3589 828 3678 'a-ulis
855 3598 1006 3706 degunt,
1036 3597 1247 3678 atrociores
1274 3619 1426 3704 quoqne
1453 3597 1664 3701 praedones
1690 3597 1859 3680 dicendi:
1890 3597 2033 3680 referas
2062 3598 2107 3678 iis
2135 3599 2327 3698 utribus,

713 3765 756 3834 ut
781 3753 1068 3849 Budorctoios,
1098 3753 1318 3874 Boscdoct,
1348 3753 1679 3860 Biberducdndos,
1709 3751 2050 3858 Baschlc‘dojewos,
2080 3757 2329 3862 Scheqrcizos

713 3905 899 4012 aliosque.
1929 3905 1931 3912 '

764 4055 897 4140 Rebus
931 4056 1081 4136 demum
1116 4055 1155 4136 in
1188 4054 1264 4136 hoc
1292 4067 1416 4136 tractu
1433 4013 1492 4136 ¹ab
1516 4056 1657 4139 eximio
1684 4057 1847 4140 militum
1873 4057 2107 4140 rossicorum
2132 4057 2329 4166 praelecto
2493 4105 2498 4114 ·

711 4207 950 4294 emanuele
975 4233 1098 4314 nuper
1124 4206 1256 4314 gestis,
1285 4169 1451 4290 Rossioo
1478 4209 1640 4316 imperio
1664 4209 1932 4316 jusjurandum
1958 4209 2047 4294 fidei
2072 4213 2238 4320 primum
2262 4215 2330 4298 de-

711 4359 859 4442 derunt.
889 4358 1074 4442 Bellatrix
1099 4383 1190 4464 gens
1218 4358 1398 4438 continno
1426 4360 1465 4440 in
1491 4361 1628 4460 armis,
1659 4385 1765 4442 more
1793 4361 2001 4444 diacorum
2028 4363 2249 4466 vicinorum,
2279 4369 2329 4448 ab

712 4546 852 4602 occmn
876 4521 924 4600 ad
950 4519 1145 4600 Cubannm
1170 4545 1319 4606 amnem
1345 4523 1456 4618 sedes
1482 4549 1571 4606 suas
1597 4523 1814 4632 figentium,
1854 4527 2132 4626 incursionibus
2169 4531 2208 4612 in
2234 4531 2327 4617 lines

712 4683 879 4766 rossicos
906 4683 1085 4766 continuo
1115 4683 1366 4790 suscipiendis
1393 4685 1600 4793 praecipue
1619 4687 1797 4773 inclaruit
1819 4700 1860 4772 et
1885 4690 2030 4794 passim
2054 4719 2142 4774 oum
2166 4695 2242 4778 illis
2271 4697 2329 4803 ip·

712 4845 813 4930 sisse
843 4844 1075 4928 Cabardim‘s
1100 4845 1258 4930 loedore
1285 4848 1445 4947 sociati,
1475 4861 1642 4932 strenue
1657 4849 1885 4960 fortiterque
1913 4839 2152 4938 rumcontra
2186 4859 2328 4963 lioqsos

711 5028 845 5110 gerere
870 5004 1085 5110 studebant.

766 5163 917 5246 Similes
945 5165 1048 5256 lere,
1070 5173 1119 5247 ‘at
1145 5167 1277 5250 minus.
1295 5179 1446 5252 atroces
1473 5171 1679 5254 scutulae
1696 5169 2041 5259 Tscberkessoium
2064 5179 2200 5281 tribus,
2230 5205 2328 5289 quae

712 5325 753 5406 in'
779 5325 940 5407 excelsis
968 5326 1015 5406 ad
1042 5327 1146 5434 ripas
1177 5329 1417 5411 torrentium·
1432 5329 1628 5417 sinistrum
1654 5333 1753 5439 latus
1780 5331 1924 5416 Gubuni
1951 5337 2072 5417 amuis
2098 5337 2325 5442 petentium,

711 5484 866 5590 sylvosa
891 5495 1043 5582 tenent,
1073 5480 1233 5594 necdum
1258 5486 1494 5586 debellatae,
1530 5489 1785 5597 continuoque
1812 5489 1997 5594 rebelles3
2023 5495 2066 5574 in
2091 5495 2241 5600 omnpis-
2262 5495 2328 5577 de-

711 5641 827 5746 niqne
858 5642 1016 5724 offendis
1045 5643 1267 5726 Nonniacus
1302 5655 1343 5726 et
1369 5645 1597 5740 Moesiacos
1631 5647 1813 5732 tutaricae
1849 5648 2005 5755 stirpis,
2045 5650 2153 5733 inter.
2179 5651 2324 5735 labain

711 5811 972 5918 utillimum,
1010 5813 1156 5938 Cabani
1187 5817 1403 5918 abluentes,
1440 5831 1483 5901 et
1510 5822 1549 5900 in
1575 5777 1661 5926 ripa
1686 5821 1771 5926 ejus
1800 5823 1954 5936 sinistra
1980 5824 2220 5924 babimntes,
2262 5831 2326 5936 qui

711 5988 816 6056 vero¹
829 5987 960 6044 omnes
988 5991 1011 6046 a
1037 5969 1171 6050 Roscia
1192 5995 1274 6052 uno
1296 5972 1451 6069 ¹nomino
1484 5971 1815 6054 Trnrsscudauicac
1842 5976 1964 6082 gentis
1981 5977 2244 6083 appellantur.

763 6122 824 6250 Cis
852 6123 977 6240 ripam
1002 6127 1121 6216 amnis
1149 6113 1343 6236 Hypanis,
1383 6131 1498 6214 hodie
1524 6130 1668 6214 Girbani
1695 6133 1809 6232 dicti,
1849 6145 1895 6216 et
1916 6135 1956 6214 in
1980 6133 2164 6219 citeriore
2192 6139 2323 6241 littore

712 6279 866 6365 Tarekii
893 6284 1036 6384 amnis,
1067 6285 1226 6396 indeque
1253 6293 1301 6373 ad
1325 6291 1482 6377 Cumam
1509 6323 1629 6406 usque
1655 6311 1696 6380 et
1724 6284 1782 6382 vel
1810 6300 1911 6382 ultra
1937 6327 2021 6384 cam
2036 6304 2232 6404 immensa
2258 6329 2324 6386 ex·
2403 6309 2406 6320 '
