5648 7752
1480 933 1534 956 ..
1587 884 1638 970 58
1689 935 1743 954 ..

788 1081 1000 1190 Α[ιοεῐετίοτ
1029 1079 1144 1160 iacies
1180 1075 1334 1158 atlantis
1370 1073 1548 1183 utrinque
1584 1097 1702 1182 supra
1738 1083 1889 1182 septum
1925 1075 2141 1158 tendineum
2184 1074 2313 1156 excisa
2349 1099 2420 1180 pro

806 1233 950 1328 nervis,
980 1255 1028 1310 ex
1055 1229 1163 1310 hiatu
1190 1227 1308 1308 hocce
1335 1225 1677 1334 proficiscentibus.

859 1395 1036 1475 Secundo
1064 1392 1242 1473 vertebra
1267 1391 1357 1470 colli
1386 1417 1418 1470 s.
1451 1389 1539 1469 uuis
1569 1389 1617 1498 (l.
1649 1415 1684 1470 c.
1714 1389 1778 1498 fip.
1810 1389 1847 1469 5.
1878 1415 1903 1470 a
1929 1389 2048 1470 latero
2075 1389 2254 1488 sinistro,
2282 1387 2347 1497 fip.
2378 1387 2417 1468 6.

805 1549 856 1628 ub
881 1545 1096 1640 anteriore,
1132 1543 1196 1650 fip.
1226 1543 1263 1624 7.
1297 1543 1346 1624 ab
1374 1541 1580 1640 inferiore,
1615 1541 1680 1648 fip.
1711 1541 1749 1621 8.
1780 1567 1803 1622 a
1829 1539 2090 1646 posteriore),
2126 1541 2247 1620 multo
2274 1539 2422 1646 longior

805 1710 1048 1818 crassiorque
1083 1703 1248 1806 atlante,
1286 1706 1366 1810 jam
1400 1707 1448 1788 ud
1483 1706 1637 1786 tertiam
1671 1703 1793 1788 forma
1825 1717 1866 1786 ct
1901 1705 2044 1788 fabrica
2077 1706 2245 1804 accedit3
2282 1729 2421 1810 corpus

807 1867 892 1972 ejus
919 1866 1105 1962 validum,
1135 1876 1296 1972 utraque
1322 1873 1436 1970 parte
1463 1874 1633 1944 extrema
1663 1865 1803 1945 tumida
1827 1875 1866 1946 et
1883 1888 2073 1966 courem3
2103 1863 2272 1944 anterior
2289 1885 2423 1967 super-

808 2020 912 2102 licies
939 2013 1152 2100 articularis
1181 2017 1304 2122 major
1330 2029 1370 2098 et
1396 2015 1511 2098 latior
1536 2019 1755 2122 posteriore
1782 2043 2042 2126 processuque
2060 2019 2290 2100 odoutoideo
2311 2015 2362 2125 (l.
2383 2043 2419 2098 o.

806 2179 871 2286 fip.
904 2177 985 2286 5.),
1022 2189 1237 2258 transversa
1272 2175 1381 2258 lovea
1415 2203 1437 2256 a
1472 2177 1608 2258 latiore
1640 2189 1751 2282 parte
1785 2201 1953 2260 convexa
1994 2161 2173 2260 inferiore
2209 2177 2421 2282 dirempto,

808 2349 1103 2444 superstructa,
1149 2348 1263 2444 atque
1304 2335 1343 2416 in
1382 2339 1581 2442 paruulum
1615 2337 1792 2418 nimirum
1826 2361 2049 2442 processum
2090 2339 2286 2442 spinosum
2331 2333 2426 2414 inlo-

809 2500 950 2579 riorem
986 2525 1010 2577 a
1045 2508 1154 2602 parte
1190 2497 1381 2576 anteriore
1417 2497 1666 2604 prolongata3
1704 2497 1901 2602 posterior
1935 2497 2022 2579 dein
2058 2495 2175 2578 iacies
2210 2493 2426 2576 articularis

808 2658 976 2737 crassior
1016 2657 1482 2754 convexo-semilunaris‚
1529 2680 1602 2762 pro
1637 2651 1860 2761 excipienda
1897 2654 2006 2737 lovea
2041 2653 2255 2735 articularis
2292 2649 2425 2732 tertiae

810 2813 1011 2894 vertebrae
1037 2809 1089 2918 (l.
1119 2835 1154 2889 c.
1171 2810 1247 2917 fip.
1278 2808 1336 2918 9.)
1364 2811 1478 2916 eique
1513 2811 1636 2891 valida
1671 2811 1873 2916 supposita
1908 2810 2136 2908 eminentia,
2174 2809 2352 2890 deorsum
2386 2819 2426 2886 et

810 2979 1049 3076 postrorsum
1089 2978 1289 3071 spectans,
1340 2968 1503 3066 tumida,
1550 2980 1592 3048 et
1631 2969 1832 3074 genuinum
1871 2991 2094 3074 processum
2135 2967 2330 3074 spinosum
2369 2965 2426 3046 iu·

812 3127 1012 3224 seriorem,
1051 3085 1160 3229 apice
1195 3125 1424 3231 diremptum
1459 3125 1611 3206 sistens.
1651 3125 1820 3234 Uterque
1847 3127 1935 3208 dein
1951 3149 2070 3240 ‚arcus
2098 3127 2229 3208 intime
2266 3125 2425 3206 inuicem

809 3284 983 3390 junctus,
1022 3283 1090 3362 leti
1106 3283 1269 3389 altique
1306 3285 1398 3364 tecti
1433 3283 1864 3390 compresso-triquetri
1900 3285 2043 3384 instar,
2082 3283 2280 3364 adscendit
2311 3293 2352 3363 et
2387 3283 2426 3362 in

808 3453 980 3527 extrema
997 3455 1108 3549 parte
1126 3455 1286 3550 utraque
1305 3442 1522 3550 apophyses
1540 3467 1626 3522 suas
1645 3443 1868 3524 articulares
1886 3443 2022 3540 offert,
2052 3444 2263 3524 anteriores
2283 3441 2425 3522 tenuis-

811 3613 949 3707 simas,
991 3608 1186 3706 minimas,
1230 3607 1466 3712 posteriores
1503 3630 1596 3686 vero
1632 3603 1816 3702 tumidas,
1856 3599 1952 3686 latas
1965 3659 1976 3704 ,
2014 3605 2144 3686 orales
2180 3616 2220 3688 et
2254 3602 2435 3683 nonnihil·

810 3767 964 3872 oblique
991 3765 1083 3844 sitas
1096 3824 1107 3862 ,
1145 3787 1218 3870 pro
1252 3761 1484 3866 excipiendis
1521 3759 1753 3867 insequentis
1789 3761 1989 3842 vertebrae
2025 3759 2284 3865 apophysibus
2318 3770 2426 3840 ante-

812 3923 975 4006 rioribus
1013 3917 1061 4028 (l.
1099 3907 1147 3999 c(
1169 3919 1233 4036 fip.
1274 3917 1346 4025 e).
1385 3959 1439 3978 --
1472 3913 1563 3996 Axis
1577 3976 1588 4014 ‚
1625 3918 1857 4024 reliquarum
1901 3917 2067 3995 omnium
2102 3916 2221 3996 instar
2261 3917 2425 3998 naturali

810 4073 1065 4182 magnitudine
1098 4071 1301 4172 detinenti,
1339 4095 1478 4178 corpus
1515 4073 1629 4154 ollert
1661 4071 1738 4164 97,
1772 4073 1837 4154 lio.
1876 4073 2168 4180 longitudinem,
2204 4083 2246 4154 et
2281 4073 2329 4155 10
2355 4074 2420 4155 liu.

810 4232 1058 4312 altitudinem.

869 4389 1000 4470 Tertio
1026 4409 1146 4493 porro
1174 4379 1263 4465 colli
1286 4386 1465 4468 vertebra
1491 4383 1542 4494 (l.
1563 4411 1598 4466 c.
1627 4386 1691 4494 fip.
1713 4387 1751 4467 9.
1781 4411 1806 4466 a
1832 4387 1952 4468 latere
1979 4385 2157 4486 sinistro,
2185 4385 2249 4495 fip.
2283 4387 2345 4470 10.
2375 4393 2425 4472 ab

812 4551 1026 4646 anteriore,
1063 4547 1135 4657 ᾖς.
1162 4547 1222 4630 11.
1262 4547 1311 4628 ab
1343 4547 1548 4648 inferiore,
1585 4548 1650 4657 fiq.
1685 4549 1745 4630 12.
1776 4573 1800 4630 a
1832 4547 2070 4660 posteriore)
2107 4551 2236 4657 paullo
2271 4549 2425 4633 brevior

812 4712 1080 4810 antecedente,
1110 4733 1157 4792 eo
1184 4713 1414 4818 praesertim
1440 4711 1587 4812 differt,
1618 4713 1719 4821 quod
1745 4726 1902 4821 praeter
1917 4717 2213 4797 excultissimam
2229 4719 2427 4800 convexis-

809 4841 1019 4968 simamque
1052 4861 1266 4974 apophysin
1302 4863 1546 4942 articularem
1581 4864 1836 4968 posteriorem
1873 4865 2034 4944 validam
2070 4867 2239 4947 anterior
2273 4891 2426 4976 quoque

811 5019 1019 5100 consimilis
1055 5021 1206 5099 exculta
1241 5019 1315 5119 sit,
1355 5032 1395 5101 at
1429 5045 1594 5102 concava
1626 5032 1668 5102 et
1694 5021 1837 5122 uvalis,
1876 5049 1949 5129 pro
1976 5023 2199 5132 excipienda
2224 5023 2425 5133 superficie

811 5175 1008 5258 articulari
1046 5172 1302 5258 antecedentis
1342 5177 1568 5278 uertebrac3
1614 5187 1810 5284 emergunt
1849 5177 1936 5258 dein
1975 5181 2184 5262 transversi
2222 5205 2425 5288 processus

811 5335 1086 5420 distinctissimi
1098 5396 1110 5436 ,
1140 5348 1181 5417 at
1205 5337 1415 5444 compressi
1441 5363 1466 5418 a
1492 5337 1692 5443 superiore
1719 5337 1766 5418 ed
1794 5335 2036 5437 inferiorem,
2076 5339 2273 5420 imminuto
2300 5351 2426 5422 tamen

810 5519 995 5602 processu
1031 5493 1098 5573 illo
1134 5493 1349 5593 anteriore,
1388 5517 1411 5575 e
1446 5519 1610 5601 corpore
1646 5495 1874 5594 vertebrali,
1913 5497 2059 5602 spinosi
2094 5498 2236 5598 instar,
2274 5501 2323 5579 ed
2349 5499 2425 5582 ima

811 5649 981 5730 nonnihil
998 5649 1262 5732 descendente.
1293 5651 1502 5738 Genuiuum
1528 5678 1551 5734 e
1577 5663 1710 5733 contra
1737 5677 1961 5758 processum
1987 5654 2183 5762 spinosum
2207 5653 2427 5737 inferiorem

813 5809 976 5891 validum
993 5809 1177 5917 apiceque
1203 5807 1450 5908 instructum,
1481 5809 1562 5890 axis
1590 5833 1721 5909 more,
1751 5807 1847 5891 haec
1874 5835 2025 5917 quoque
2053 5812 2231 5894 vertebra
2248 5813 2426 5894 deorsum

810 5989 857 6046 oc
883 5973 1124 6070 postrorsum
1149 5963 1327 6046 demittit.
1358 5963 1404 6044 In
1429 5965 1570 6046 ceteris
1596 5990 1713 6072 supra
1730 5967 1899 6046 canalem
1916 5967 2170 6049 vertebralem
2194 5969 2427 6078 aliquantum

728 6185 733 6198 .
811 6127 1047 6200 coarctatum
1074 6115 1187 6197 iidem
1213 6095 1347 6218 arcus,
1386 6119 1547 6204 invicem
1579 6121 1794 6227 conjuncti,
1834 6121 1872 6204 iu
1905 6123 2024 6244 altum
2048 6149 2271 6229 processum
2297 6129 2427 6233 spino-

813 6307 896 6362 sum
930 6281 1166 6362 consimilem
1201 6282 1431 6365 adscendunt
1466 6285 1705 6396 majoresque
1741 6287 1958 6397 apophyses
1990 6291 2202 6377 anteriores
2230 6302 2271 6374 et
2290 6303 2427 6399 postc-

813 6442 934 6523 riores
962 6439 1091 6549 figrmt.
