5582 7752
1147 883 1201 902 -
1256 835 1306 920 15
1354 879 1408 902 -·
2012 914 2017 928 ,

469 1035 697 1150 inquorum
720 1035 817 1142 ripis
844 1027 1051 1140 nequino
1081 1024 1362 1156 Galactophagi
1390 1023 1612 1130 justissimi,
1650 1049 1673 1104 a
1701 1023 1984 1108 cmmode
2009 1025 2082 1106 bos

470 1192 603 1276 diernu
627 1199 765 1298 genam
793 1209 864 1268 nec
890 1207 967 1264 nnn
992 1179 1110 1264 alorci
1135 1177 1305 1262 leunicae
1331 1175 1466 1284 stirpis
1491 1175 1603 1258 sedes
1621 1165 1823 1258 tenebant.

523 1373 634 1460 Ultra
658 1373 747 1458 dein
772 1373 811 1454 in
836 1367 1059 1456 occidentali
1086 1387 1156 1448 ora
1181 1363 1299 1447 Cuma
1325 1363 1459 1462 amnis,
1490 1359 1600 1444 Udon
1626 1357 1796 1442 aPlt'nio
1817 1361 1955 1464 dictus,
1986 1365 2081 1446 mari

458 1535 590 1616 undas
625 1531 801 1632 miscuit,
839 1531 1014 1636 interque
1047 1546 1134 1608 eam
1157 1531 1210 1615 ,et
1234 1519 1324 1605 Rha
1358 1543 1529 1623 amnem,
1567 1517 1730 1626 pristino
1757 1543 1852 1602 aero
1879 1517 2083 1629 blanytsoh

472 1693 619 1796 liumus,
648 1691 761 1778 bodie
788 1716 878 1776 vero
906 1699 1102 1798 stagnante
1129 1711 1228 1796 aqua
1252 1685 1455 1784 notabilis,
1484 1683 1524 1764 in
1549 1705 1655 1766 mare
1681 1680 1873 1785 irruebatt
1902 1679 2104 1770 accedunt*

473 1874 591 1955 porro
618 1848 802 1930 Terekius
829 1845 911 1928 sive
936 1839 1088 1952 pristini
1114 1836 1198 1924 aeti
1225 1834 1365 1922 Alonta
1391 1831 1514 1958 dictus
1541 1847 1657 1946 alque
1674 1833 1817 1918 Keissu
1834 1833 1913 1922 sive
1930 1837 2083 1924 Cassius

474 2001 617 2099 amnis,
646 1997 796 2106 duplice
823 1997 931 2078 alveo
959 1995 1104 2101 majore
1130 1993 1301 2100 caspium
1328 1990 1525 2074 accedens.
1555 1989 1640 2071 lam
1657 2010 1751 2070 rere
1770 1988 1872 2070 nltrn
1888 1989 2086 2076 omtellnrn

473 2157 666 2242 Derbendi
682 2154 984 2238 torrentissimus
1003 2151 1185 2252 Albulam,
1215 2151 1400 2234 hodierna
1418 2147 1610 2247 Ssamnra,
1631 2169 1676 2230 ac
1693 2146 1780 2229 dein
1797 2145 1979 2232 &ccasio
1994 2150 2086 2260 jugo

473 2315 523 2398 ab
553 2314 691 2396 eodem
724 2313 932 2420 diremptus
959 2311 1155 2418 Pirssagat
1180 2306 1352 2416 placidus
1379 2315 1497 2416 atque
1523 2306 1640 2388 silens
1666 2305 1706 2388 in
1731 2305 1902 2414 caspium
1929 2307 2084 2412 labitur,

472 2447 546 2530 nisi
572 2473 756 2557 uquarum
780 2445 932 2556 irriguis
959 2443 1225 2553 exstinguitum
1254 2439 1374 2550 Cyrus
1401 2440 1565 2548 denique
1589 2439 1710 2522 amnis
1730 2465 1818 2522 oum
1834 2445 1942 2524 secio
1961 2443 2086 2526 maxe

473 2605 732 2714 compluribus
758 2617 799 2688 et
824 2605 985 2687 mudtnm
1010 2599 1237 2686 distantibus
1264 2599 1382 2682 alveis
1409 2597 1585 2680 meridiei
1612 2597 1773 2704 propius
1808 2598 1978 2680 decurrit
2008 2623 2087 2684 ma·

474 2759 582 2868 rique
607 2758 802 2840 miscetur.

525 2949 572 3029 ln
607 2948 783 3056 orientali
818 2968 889 3028 ora
922 2946 1044 3028 minm
1078 2943 1226 3026 nobiles
1253 2929 1420 3024 dednnnt
1446 2961 1575 3022 amnes
1602 2940 1787 3020 Amardus
1815 2950 1857 3021 st
1883 2941 2084 3045 blanorns,

474 3110 585 3193 acl.
615 3111 830 3192 Ptolemaeo
856 3109 971 3208 dicti,
1009 3131 1096 3190 cum
1131 3103 1325 3188 hodiernis
1351 3103 1572 3186 Rudassaro
1607 3111 1648 3184 et
1674 3099 1825 3184 bochor
1857 3095 1978 3186 Etrek
2012 3105 2089 3188 lor·

474 3269 575 3350 sitan
598 3265 831 3353 conferendi.

400 3511 403 3518 ,
526 3457 678 3542 Insulae
712 3453 844 3564 caspio
880 3455 976 3536 mari
1011 3451 1176 3550 multae,
1212 3446 1311 3533 aliae
1345 3447 1530 3557 ignobiles
1557 3403 1668 3530 ostiis
1687 3443 1831 3557 Volgae
1858 3461 1898 3534 el
1915 3449 2088 3537 'Terekio

476 3615 691 3724 oppositae,
720 3613 819 3694 aliae
845 3612 885 3693 in
911 3609 1085 3719 scythico
1103 3635 1172 3690 sen
1189 3605 1567 3716 mangiscblackiensi
1584 3603 1671 3686 sinu
1687 3603 1799 3705 sitae,
1829 3599 2090 3694 Kulaleusium

475 3771 650 3878 eiemplo
662 3830 674 3869 ‚
712 3781 948 3878 propterque
975 3765 1191 3850 Phocarum
1225 3776 1424 3873 capturam
1456 3792 1480 3846 a
1507 3763 1641 3846 Roneis
1668 3775 1709 3846 et
1740 3755 1987 3869 ancomont‘s
2014 3766 2090 3856 ire·
2132 3813 2135 3822 ·

475 3941 691 4041 menube,
722 3931 820 4013 aliae
846 3957 991 4039 eaeque
1017 3911 1181 4011 maxime
1207 3927 1380 4010 celebres
1408 3937 1524 4035 atque
1541 3925 1688 4011 nobiles
1707 3927 1747 4008 in
1765 3922 1851 4010 sinn
1867 3928 2090 4017 balchanieo

475 4093 516 4166 et
551 4093 639 4167 ante
675 4083 801 4193 ipsum
835 4084 956 4182 sitae,
996 4074 1358 4164 Tscbelekaenensis
1393 4075 1604 4189 imprimis,
1642 4072 1847 4177 aPIa‘nc'o,
1885 4083 1924 4162 ni
1952 4083 2087 4189 fallor,

475 4239 616 4326 Tazata
633 4244 757 4324 insula
773 4242 897 4340 dicta,
926 4265 1061 4347 magno
1088 4235 1282 4343 naphthae
1308 4235 1449 4318 ibidem
1476 4233 1719 4315 scaturientis
1746 4257 1849 4340 penu
1874 4237 2088 4346 excellens3

476 4403 575 4488 aliae
601 4403 763 4512 denique
790 4403 830 4483 in
855 4399 941 4482 sinu
967 4359 1239 4482 Astrabadensi
1266 4396 1383 4494 sitae,
1422 4405 1489 4475 aut
1515 4394 1761 4502 scopulorum
1787 4393 2091 4484 submarinornm

476 4567 610 4667 instar,
639 4575 727 4648 ante
754 4559 1139 4671 Kisilagatscbensem
1165 4557 1315 4658 obviae,
1345 4553 1539 4639 calcareas
1558 4553 1725 4657 omnino,
1756 4555 1928 4667 ignisque
1946 4561 1984 4643 vi
2002 4566 2091 4646 sub

477 4729 600 4829 latae,
638 4725 898 4836 navigantibus
928 4721 1039 4805 facile
1065 4720 1316 4828 perniciosae.
1346 4719 1558 4827 Pleraeque
1584 4715 1794 4801 insularum
1819 4703 1975 4830 insignis
2004 4740 2092 4809 sunt

476 4877 765 4991 magnitudinis,
794 4887 906 4986 gente
933 4875 1148 4958 incoluntur
1173 4870 1277 4954 nulla
1302 4869 1491 4980 planeque
1518 4867 1693 4953 desertae
1717 4867 1859 4976 jacent.

528 5065 692 5147 Orarum
727 5089 879 5172 quoqne
914 5072 1049 5144 natura
1083 5083 1266 5168 perquam
1295 5057 1399 5139 varia
1433 5067 1517 5160 est3
1556 5029 1709 5163 sylvosa
1735 5055 1835 5137 enim
1864 5057 2015 5164 persica
2041 5063 2091 5142 ab

477 5237 648 5309 extrema
673 5224 899 5305 occidentali
917 5247 1049 5306 versus
1076 5233 1247 5303 austrum
1265 5219 1340 5300 sita
1356 5244 1541 5327 perquam
1559 5217 1698 5318 differt,
1728 5219 1768 5298 in
1787 5247 1859 5329 qua
1878 5235 2087 5330 postrema,

478 5387 669 5467 desertum
697 5379 789 5462 illud
806 5381 1043 5489 moganicum
1061 5377 1314 5461 aridissimum
1331 5375 1532 5476 efficiente,
1561 5375 1725 5483 pristino
1743 5400 1838 5459 aevo
1856 5382 2091 5486 serpentium

478 5539 680 5622 multitudo
692 5599 703 5639 ,
733 5537 807 5620 nisi
833 5537 960 5619 hieme
972 5599 985 5638 ,
1015 5536 1238 5639 transitum,
1268 5550 1311 5619 ut
1338 5535 1555 5634 serebatur,
1586 5534 1687 5618 haud
1714 5529 1877 5635 sinebat,
1908 5536 2018 5638 adeo,
2048 5549 2091 5618 nt

479 5703 604 5810 ipsum
624 5699 695 5784 Cn.
717 5699 933 5812 Pompojnm
958 5726 982 5782 a
1007 5700 1140 5808 caspio
1167 5701 1263 5783 mari
1288 5699 1525 5801 coercuerit3
1555 5697 1668 5784 bodie
1696 5726 1788 5782 vero
1814 5699 1936 5782 minus
1961 5726 2093 5783 nume-

479 5864 559 5946 rosi
584 5867 813 5976 minimeque
838 5865 1132 5974 pertimescendi
1157 5876 1357 5974 serpentes
1385 5865 1489 5948 nulla
1515 5863 1655 5946 ibidem
1673 5863 1775 5944 cient
1792 5861 2002 5948 viatoribus
2020 5889 2089 5972 pe·
2217 5879 2221 5889 ·

480 6017 599 6099 ricula
622 6043 693 6100 nec
720 5991 797 6098 alia
822 6015 1070 6098 incommoda.
1154 6042 1171 6066 ²⁸

530 6201 617 6284 Jam
632 6202 840 6310 antiquitus
858 6202 980 6283 omnis
998 6201 1094 6284 haec
1112 6227 1181 6284 ora
1197 6227 1246 6283 ex
1260 6201 1412 6310 ¹oriente
1430 6203 1470 6281 in
1486 6211 1659 6282 austrum
1674 6225 1848 6308 uergens,
1876 6199 2091 6308 Hyrcaniae

480 6359 663 6466 pristinae
689 6385 794 6466 pars,
824 6360 1005 6466 opulenta
1031 6359 1132 6444 diota
1158 6371 1220 6444 est
1246 6370 1287 6442 et
1312 6360 1460 6466 ampla;
1491 6357 1577 6442 vitis
1606 6357 1899 6467 motmnmvini
1927 6351 2088 6458 ferebat,
