5582 7752
755 1309 1003 1396 CLEMMYS
1029 1308 1208 1394 CASPIA
1234 1307 1396 1392 wudu.
1429 1308 1520 1389 Τιιι.
1552 1335 1591 1390 ιιι
1617 1337 1665 1440 nn
1690 1337 1739 1392 ιι.

924 1545 1084 1626 Testudc
1112 1543 1246 1652 caspia
1276 1541 1393 1625 Grnel.
1412 1543 1499 1648 jum

917 1695 1035 1803 Emys
1063 1693 1198 1805 caspia
1224 1692 1435 1802 Seduciqq.

924 1858 1086 1940 Testudo
1113 1883 1255 1964 praeca
1281 1857 1385 1938 Pau.

492 2179 578 2260 lam
604 2202 697 2260 vero
723 2203 772 2260 ex
798 2177 932 2258 ordine
963 2176 1225 2259 Cistoniorum
1250 2201 1357 2258 mare
1383 2176 1575 2282 caspium,
1613 2201 1737 2285 nequo
1764 2189 1890 2262 tamen
1916 2183 2059 2266 Pontus

439 2336 622 2436 euxinus,
651 2336 942 2445 Hyrcaniaeque
959 2335 1060 2416 fluvii
1079 2333 1246 2439 majores
1266 2346 1381 2443 atque
1400 2335 1506 2416 lacus
1517 2393 1529 2434 ,
1559 2334 1754 2416 littoribus
1773 2336 1909 2437 vicini,
1941 2338 2061 2422 cem-

438 2517 545 2599 myen
574 2493 681 2572 alunt
707 2490 876 2601 caspiam
908 2491 1056 2598 Wapl.,
1105 2514 1290 2596 nusquam
1315 2501 1443 2572 tamen
1477 2487 1720 2588 suetonium,
1755 2491 1880 2596 aperti
1914 2465 2063 2578 scilieet

440 2652 581 2736 oceani.
591 2650 775 2749 bestiam,
806 2676 919 2758 quam
936 2649 1028 2758 (ct.
1051 2648 1249 2756 priscam),
1270 2675 1403 2730 errore
1421 2650 1584 2757 quodam
1601 2649 1823 2750 conductus,
1843 2653 1917 2734 cel.
1940 2653 2064 2748 Erch-

299 2821 302 2828 '
440 2808 584 2922 scholtz
612 2807 659 2918 (*)
687 2793 802 2914 hujus
830 2833 983 2934 qnoque
1009 2807 1124 2886 maris
1154 2807 1319 2886 incolam
1345 2805 1453 2886 dixit.
1589 2861 1595 2876 2

498 2959 678 3072 Clcmmys
705 2963 867 3074 caspia,
900 2963 959 3044 'ab
995 2963 1051 3042 ill.
1082 2961 1258 3042 Pallasio
1286 2957 1351 3070 (**)
1379 2961 1510 3042 nescio
1538 2985 1615 3068 quo
1641 2959 1730 3072 jure
1757 2977 1829 3068 pro¹
1863 2963 2063 3046 Tectudr'nc

440 3117 685 3225 prestab,
728 3143 861 3225 aqua
895 3127 980 3196 toto
1016 3115 1304 3214 melotidem,
1348 3114 1506 3214 habita,
1551 3116 1591 3196 in
1617 3115 1841 3198 occidentali
1866 3117 1997 3224 potius
2024 3131 2065 3202 et

441 3275 601 3356 australi
627 3273 749 3382 caspii
776 3275 891 3353 maris
929 3274 1061 3354 littore
1094 3274 1216 3380 degit,
1231 3361 1238 3374 ‚
1253 3273 1301 3354 ad
1337 3271 1544 3354 Sallianum
1577 3273 1734 3372 urbem,
1774 3299 1899 3382 prope
1925 3275 2064 3385 Cyrum

442 3391 589 3520 amnem
600 3497 612 3538 ‚
642 3449 683 3520 et
708 3437 995 3535 Lenkoranum,
1025 3437 1065 3516 in
1091 3461 1190 3543 aqua
1217 3433 1460 3541 sulphurica,
1497 3437 1546 3518 ad
1573 3434 1639 3518 32ο
1664 3438 1758 3518 scal.
1788 3435 1950 3519 Renum.
1983 3438 2063 3552 (*¹*)

441 3595 589 3694 calida,
620 3619 665 3674 ac
691 3593 779 3674 dein
795 3594 835 3674 in
852 3591 1048 3700 provincia
1064 3591 1423 3690 blasanderanensi,
1453 3591 1492 3670 in
1509 3589 1717 3696 majoribus
1733 3615 1888 3720 quoque
1906 3595 2063 3678 lacubus

441 3753 711 3853 calidioribus,
750 3754 967 3858 promiscue
994 3778 1082 3833 cum
1108 3750 1160 3831 Ε.
1192 3777 1381 3860 europaeo
1407 3751 1480 3850 t.,
1510 3777 1634 3860 neque
1660 3763 1790 3835 tamen
1815 3754 1855 3834 in
1881 3757 2066 3841 ulteriore

443 3913 670 3997 occidentali
697 3925 738 3997 et
763 3914 1054 4021 septentrionali
1082 3913 1160 3993 oris
1189 3913 1393 3996 obseruata
1418 3924 1502 4016 est3
1539 3913 1694 3996 obvenit
1727 3941 1878 4024 quoque
1912 3918 1951 3998 in
1978 3919 2066 4002 lbe-

390 4163 406 4188 p
443 4075 501 4156 ria
527 4073 575 4155 ad
602 4074 725 4180 ipsam
752 4071 885 4153 urbem
912 4070 1090 4151 Tillisios.
1661 4182 1664 4192 y

495 4228 613 4336 Cujus
641 4227 770 4336 itaque
798 4251 976 4334 squamae
1003 4228 1167 4306 collares
1196 4238 1236 4306 et
1270 4227 1445 4306 candales
1489 4193 1762 4307 minutissimae
1797 4230 1955 4336 exiguos
1992 4257 2064 4338 po-

447 4394 521 4474 tius
541 4390 701 4472 nodulos
719 4385 1053 4469 tuberculilormes
1072 4385 1264 4486 referunt,
1296 4358 1470 4494 testaque
1489 4385 1651 4468 dorsalis
1670 4387 1709 4468 in
1726 4351 1850 4494 primo
1870 4391 2062 4500 tertioque

446 4553 617 4636 scutellis
636 4549 857 4631 lateralibus
885 4549 1000 4628 maris
1018 4547 1197 4656 utrinque
1223 4545 1409 4655 profunde
1427 4547 1637 4657 impressa,
1658 4562 1699 4633 et
1716 4551 1840 4634 media
1858 4563 1958 4636 testa
1975 4581 2064 4638 ven-

444 4716 551 4796 tralis
578 4711 766 4822 profunde
793 4723 973 4796 excavata
999 4723 1072 4794 est.

497 4861 616 4946 Sexus
644 4860 759 4968 igitur
781 4861 969 4940 masculus
993 4859 1167 4965 planiore
1189 4861 1385 4968 multoque
1402 4860 1646 4968 depressiore
1663 4887 1826 4968 corpote
1843 4889 1937 4970 pras
1956 4867 2065 4950 lomi-

447 5026 538 5106 nino
565 5023 742 5122 excellit,
781 5022 891 5127 cujus
920 5021 1068 5104 scilicet
1094 5021 1255 5102 dorsalis
1292 5031 1396 5104 testa
1427 5020 1693 5128 multomagis
1720 5048 1889 5107 convexa
1914 5038 1956 5108 et
1983 5053 2063 5109 am-

444 5181 570 5286 plior,
598 5179 780 5260 neutralis
808 5203 900 5258 vero
928 5179 967 5258 in
992 5177 1118 5260 medio
1144 5177 1258 5283 plana
1284 5177 1436 5256 omnino
1463 5187 1504 5259 et
1529 5179 1658 5284 potins
1683 5204 1852 5261 convexa
1869 5193 1930 5262 est
1947 5193 2064 5292 atque

444 5339 581 5438 latior,
612 5364 725 5448 quam
752 5339 792 5420 in
816 5363 942 5436 mare,
973 5348 1073 5418 tasta
1090 5337 1250 5420 ventrali
1276 5337 1314 5418 in
1331 5337 1456 5419 medio
1475 5337 1553 5420 lats
1570 5363 1735 5422 concava
1752 5341 2061 5444 distinctissime,

446 5485 557 5606 (Tau.
587 5490 673 5602 tv).
704 5489 831 5574 Gauda
857 5501 1032 5600 quartam
1057 5491 1119 5571 rix
1147 5501 1294 5596 partem
1321 5491 1421 5573 scuti
1448 5493 1655 5600 pectoralis
1690 5495 1868 5594 accedit,
1908 5523 1983 5605 qua
2019 5523 2063 5580 rs

445 5618 687 5762 potissimum
703 5653 840 5778 ⁸differt
866 5679 890 5734 a
911 5649 1094 5760 Clcmmye
1111 5649 1284 5763 (caspia)
1302 5651 1474 5735 adriatici
1492 5655 1622 5754 maris,
1653 5654 1729 5735 alia
1745 5655 1896 5735 omnino
1915 5659 2058 5765 specis,

489 5993 532 6087 (⁶)
553 5991 595 6061 V.
622 5993 851 6062 Trautvettcri
871 5993 1060 6078 Quatember
1082 5994 1157 6062 llalt
1180 5994 1210 6064 l.
1232 5995 1318 6064 Band
1341 5993 1370 6062 l.
1396 6019 1467 6084 pag.
1491 5991 1670 6062 lautius
1699 5992 1798 6062 1829.

487 6154 546 6248 ('')
567 6153 690 6222 Putas
710 6155 753 6250 (l.
777 6177 809 6224 c.
834 6155 924 6223 Torn.
949 6153 1013 6221 111.
1038 6177 1109 6242 pag.
1137 6151 1193 6247 17)
1214 6167 1268 6222 aut
1292 6179 1354 6222 non
1375 6158 1454 6223 vidit
1476 6159 1613 6243 caspiam
1634 6160 1771 6246 speciem
1785 6162 2063 6250 distinctissimsm,

444 6283 498 6340 ant
518 6294 586 6338 eam
606 6270 770 6341 contundit
790 6292 862 6336 eum
887 6267 1068 6338 Testudine
1088 6291 1232 6362 graeca,
1257 6274 1296 6338 ab
1312 6274 1417 6337 eadem
1432 6272 1660 6352 diversissima;
1685 6275 1818 6360 ideoque
1832 6277 1931 6362 patria
1946 6291 2068 6348 nostrae

446 6388 624 6480 Clemmyis
645 6409 746 6472 nsque
767 6387 896 6455 Pontica
918 6411 984 6470 ora,
1009 6409 1110 6474 neque
1133 6388 1261 6456 ulterior
1283 6387 1427 6472 Tauria,
1451 6394 1534 6475 quod
1556 6393 1676 6474 voluit,
1699 6393 1830 6458 dicenda
1851 6405 1909 6459 est.

487 6503 558 6598 (m)
578 6501 759 6571 Mc'ndtries
780 6505 804 6569 l.
828 6526 860 6570 c.
886 6525 958 6590 pag.
981 6499 1040 6568 60.

583 6613 756 6671 Ειοιιιιιιυ
774 6613 863 6670 ann.
884 6631 961 6688 casp.
981 6632 1060 6671 caue.
1895 6623 1925 6674 tt
