5582 7752
1191 1555 1238 1654 1.
1291 1553 1388 1654 DE
1409 1549 1914 1656 clamamus.
2043 1570 2046 1578 ’

801 2091 984 2176 Caucasia
1010 2092 1176 2199 sylvosa,
1205 2114 1292 2172 cum
1315 2100 1506 2188 montosa,
1537 2101 1619 2170 tum
1644 2090 1789 2170 devexa
1814 2050 2085 2194 speciminibus
2112 2088 2366 2194 complurium

749 2248 1004 2334 Mummium
1016 2245 1138 2326 minus
1153 2243 1357 2356 abundant,
1378 2269 1476 2351 quae
1495 2243 1675 2324 tamenin
1692 2243 1913 2350 temperatis
1933 2241 2088 2324 tossicis
2108 2239 2366 2350 frequentiora

747 2415 849 2504 snnt,
879 2415 923 2486 ut
954 2401 1059 2500 Ursi,
1088 2401 1199 2511 Lupi,
1233 2400 1427 2512 Capreolr',
1458 2401 1624 2509 Sucsque
1652 2399 1746 2502 leri,
1775 2427 1862 2482 nam
1880 2426 1955 2510 quo
1974 2400 2225 2508 temperatior
2242 2401 2361 2510 regio,
2402 2459 2406 2466 -

746 2594 796 2652 eo
822 2594 974 2676 quoque
1000 2566 1126 2672 major
1151 2564 1322 2671 ejusdcm
1348 2565 1492 2671 speciei
1511 2565 1768 2686 Mommolr'um
1793 2553 1929 2670 copia,
1959 2565 2034 2645 alia
2060 2574 2193 2649 contra
2217 2561 2302 2645 lera
2326 2563 2365 2644 iu

747 2725 1129 2808 roseico-lithuanicis
1157 2725 1274 2830 sylvis
1301 2751 1324 2804 a
1351 2725 1595 2808 venatoribus
1632 2723 1832 2829 paullatim
1865 2723 2100 2828 exstirpata,
2138 2723 2259 2802 multo
2284 2720 2364 2826 jam

747 2879 1007 2990 frequentiora
1020 2879 1134 2960 bodie
1147 2875 1480 2984 deprehenduntur
1493 2876 1734 2998 inCaucasiis
1749 2877 1925 2984 sylvosis,
1946 2876 2151 2958 Carnorum
2164 2877 2362 2984 exemplo,
2444 2883 2448 2890 ‘

745 3039 860 3122 addas
885 3063 1037 3146 quoque
1064 3037 1111 3116 iis
1138 3035 1329 3139 Bisootes.
1360 3036 1406 3115 ln
1432 3036 1586 3118 devexis
1614 3035 1777 3144 denique
1800 3061 1956 3142 magnae
1983 3061 2115 3144 greges
2134 3036 2359 3145 Autr'lopum,

673 3159 676 3166 .
745 3207 788 3281 ut
814 3195 860 3276 A.
891 3196 1180 3302 subputturosu,
1211 3161 1358 3301 Salpe,
1389 3167 1429 3272 in
1455 3193 1639 3276 montosis
1667 3193 1875 3299 praecipue
1902 3193 1948 3272 Α.
1979 3192 2189 3302 rupr'capro
2214 3206 2256 3274 et
2286 3193 2362 3276 Ca·

738 3353 1048 3466 presumatis,
1078 3355 1172 3437 satis
1202 3352 1423 3460 frequenter
1450 3352 1703 3434 offenduntur.
2055 3455 2058 3460 Ι

795 3506 984 3616 Epulonem
1001 3531 1117 3614 genus
1137 3503 1258 3588 lerum
1275 3504 1417 3612 ubique
1434 3506 1548 3610 plane
1562 3503 1814 3604 desideratur,
1835 3515 1878 3584 ut
1897 3505 2025 3616 itaque
2043 3501 2194 3612 Ooupru'
2209 3531 2360 3616 quoque

675 3785 683 3792 Ι
742 3684 783 3755 et
809 3669 1007 3768 Hectorei,
1046 3671 1085 3748 in
1120 3668 1296 3752 orientali
1325 3667 1409 3774 ipso
1438 3667 1568 3784 littore
1594 3673 1727 3772 caspio
1755 3664 1869 3748 hodie
1903 3667 2048 3768 desint;
2087 3679 2128 3746 at
2162 3665 2243 3748 sera
2270 3667 2357 3771 illa,

742 3847 786 3918 ut
804 3834 953 3942 Tipres,
984 3833 1216 3928 Pantherue,
1250 3829 1491 3936 Catolyopos,
1514 3830 1698 3934 Hyocoue
1715 3829 1901 3950 imprimis
1923 3829 2203 3936 frequentiores
2222 3831 2358 3936 depre-
2449 3862 2451 3866 ¹

740 3991 969 4076 henduntur.
1485 4089 1487 4094 Ι

745 4175 748 4182 ’
794 4154 965 4255 Quorum
978 4166 1118 4239 ‘mmen
1146 4153 1325 4238 omnium
1341 4153 1508 4238 lerorum
1525 4153 1647 4236 vellus
1664 4153 1787 4235 minus
1805 4155 2018 4261 pretiosum
2034 4167 2109 4254 est,
2139 4181 2185 4238 ac
2202 4157 2358 4240 vestitui

739 4307 935 4396 hominum
960 4319 1001 4392 et
1027 4305 1180 4389 ornatui
1206 4307 1328 4388 minus
1347 4309 1548 4420 convenit3
1577 4319 1729 4390 constat
1746 4309 1861 4414 enim,
1891 4332 1967 4417 qno
1985 4309 2103 4418 magis
2122 4309 2162 4390 in
2180 4309 2358 4394 Sibiriam
2491 4377 2497 4388 .

740 4473 964 4561 orientalem
990 4485 1030 4554 et
1044 4472 1223 4577 »alpinam
1251 4469 1398 4552 asiatici
1424 4469 1505 4576 jugi
1523 4471 1760 4558 altitudinem
1779 4473 1925 4572 tendas,
1938 4564 1942 4573 ,
1955 4497 2003 4556 eo
2021 4471 2252 4578 pretiosiora
2269 4499 2357 4574 esse

739 4635 894 4732 vellera,
925 4659 970 4716 ac
996 4633 1291 4740 praestantiora,
1320 4631 1544 4740 pejorisque
1572 4643 1685 4714 notae
1702 4633 1824 4740 pelles
1842 4645 2141 4740 temperatarum
2157 4635 2354 4742 regionum

737 4799 779 4872 et
814 4789 1142 4890 meridionalium,
1180 4800 1391 4896 propterca
1427 4789 1527 4895 quod
1565 4789 1618 4870 ibi
1645 4789 1714 4895 pili
1743 4789 1910 4870 rariores
1938 4800 1992 4888 et,
2023 4814 2098 4869 non
2125 4791 2199 4870 nisi
2226 4791 2353 4874 hieme

735 4943 972 5044 brevissima,
1002 4955 1243 5052 praestantes
1272 4944 1548 5053 quodammodo
1576 4945 1750 5044 evadant,
1782 4969 1989 5051 omnesque
2018 4944 2099 5028 lere
2126 4946 2248 5052 pelles
2268 4946 2354 5028 ideo

736 5119 759 5174 e
785 5093 927 5176 Rossia
954 5095 993 5174 in
1019 5055 1228 5176 Caucasum
1254 5093 1476 5176 evehantur.
2068 5069 2070 5076 ’

607 5309 620 5332 .
659 5341 663 5350 ,
787 5246 907 5328 Hisce
941 5247 1055 5352 igitur
1080 5249 1267 5330 universis
1296 5247 1514 5330 notionibus
1541 5249 1643 5330 circa
1669 5247 1891 5364 Mommoliu
1917 5215 2176 5355 praemissis,
2200 5251 2280 5356 jam
2306 5251 2354 5332 ad

736 5403 1042 5485 distributionem
1068 5405 1298 5510 singularum
1325 5405 1539 5510 specierum
1566 5415 1813 5486 transeamus.
2121 5503 2125 5512 .

788 5555 874 5638 lam
891 5578 984 5636 vero
1003 5579 1026 5635 e
1047 5552 1401 5652 Quadrumaoorum
1418 5553 1550 5672 ordine
1567 5553 1698 5658 plures
1724 5553 2029 5663 Vespertt'lr'ooum
2046 5555 2207 5660 species,
2228 5555 2351 5635 minus

738 5719 863 5791 tamen
891 5711 1086 5820 hucusque
1113 5707 1339 5794 observatae
1367 5721 1407 5792 et
1426 5711 1671 5831 illustratae,
1710 5711 1748 5789 in
1774 5709 1961 5790 montosis
1989 5707 2180 5792 Caucasiis
2208 5713 2353 5793 mariti-

734 5862 882 5970 misque
919 5864 1060 5969 caspiis
1096 5874 1464 5962 commemorantur,
1503 5863 1542 5942 in
1578 5889 1738 5970 quarum
1773 5889 1930 5948 numero
1969 5864 2223 5975 liliaoloplrus
2267 5868 2351 5947 uol-

734 6029 905 6110 ltostatus
936 6025 1081 6135 Geoffr.
1112 6031 1151 6110 in
1178 6026 1381 6128 Colchide,
1410 6026 1623 6110 Radshensi
1649 6029 1846 6134 provincia
1865 6027 1936 6140 ('),
1967 6029 2149 6111 Imeretia
2161 6090 2172 6130 ,
2202 6023 2346 6130 Iberia,

774 6337 818 6432 (')
844 6338 1043 6432 Vcrpcrtilr'o
1072 6337 1205 6430 alpinos
1236 6353 1362 6408 auctore
1387 6339 1617 6409 Gutdemredr
1643 6341 1765 6428 (Beira
1787 6343 1823 6408 in
1844 6339 1912 6410 den
1932 6339 2109 6412 Kauoasus
2133 6341 2161 6406 l.
2187 6366 2220 6428 p.
2244 6335 2349 6432 290.)

732 6479 828 6540 prope
850 6453 933 6540 Oui,
958 6480 1070 6541 pagum
1095 6467 1269 6525 montosam
1293 6455 1521 6539 lladshensern,
1545 6461 1735 6526 observatur.
