5582 7752
1456 774 1870 906 -ss-‘

780 1033 897 1116 supra
930 1019 1080 1114 partem
1114 1007 1449 1130 supraangularem
1481 1021 1522 1090 et
1563 1011 1807 1094 articularem
1848 1023 1991 1114 strata,
2040 1017 2088 1098 ad
2127 1021 2321 1102 anteriora
2356 1022 2396 1104 in

782 1164 903 1273 ipsam
936 1161 1110 1243 maxillae
1147 1159 1338 1246 interioris
1372 1176 1524 1272 partem
1557 1168 1747 1273 posticam
1779 1171 1947 1252 excurrit
1979 1196 2141 1282 cumque
2174 1177 2390 1282 operenlari

782 1325 920 1406 ibidem
945 1325 1135 1408 connivet.

831 1485 937 1583 Quae
966 1497 1127 1594 utraque
1154 1486 1308 1568 maxilla
1333 1489 1478 1586 uranio,
1508 1489 1658 1596 duplice
1675 1493 1825 1600 cingulo
1852 1493 2054 1600 adjuvante
2072 1523 2201 1600 osseo,
2231 1503 2393 1586 aliomm

780 1653 1023 1734 animantium
1041 1677 1160 1751 more,
1191 1653 1417 1752 adnectitur,
1448 1653 1594 1736 scilicet
1611 1657 1784 1766 superior
1803 1659 1867 1738 illa
1892 1660 2108 1767 ossijoquli
2122 1665 2388 1773 multipartito,

780 1823 821 1894 at
847 1811 1007 1895 inferior
1033 1811 1188 1918 singulis
1216 1812 1313 1892 ossis
1342 1825 1542 1918 temporum
1568 1815 1742 1920 partibus
1770 1815 2103 1900 intercedentibus.

831 1975 916 2056 dam
943 2002 1034 2058 vero
1051 1976 1184 2082 jcqole
1211 2001 1254 2054 os
1271 1985 1432 2081 propter
1449 1975 1697 2080 multiplicem
1714 1977 2020 2084 diremptionem,
2051 1985 2153 2092 quod
2171 1986 2209 2064 in
2225 1987 2392 2070 Piscium

778 2130 910 2208 crauio
923 2152 1074 2234 quoque
1087 2127 1201 2225 solet,
1218 2150 1403 2232 perquam
1416 2126 1585 2208 notabile
1599 2138 1681 2228 est;
1698 2141 1853 2233 praeter
1860 2132 2047 2240 posticam
2058 2133 2100 2244 (I.
2113 2165 2146 2216 c.
2158 2136 2214 2245 u⁴)
2225 2151 2388 2244 partem,

777 2291 932 2370 mediam
946 2287 1018 2400 (u³)
1033 2300 1073 2370 et
1087 2283 1349 2396 outr'cam(u²),
1370 2289 1541 2369 anterior
1559 2315 1649 2394 pars
1665 2315 1817 2397 quoque
1836 2294 2051 2401 lacrymulis
2063 2295 2134 2404 (u¹)
2152 2305 2193 2378 el
2211 2325 2392 2406 soproor-

778 2451 915 2552 ὁιῖαἱιέΙ
932 2447 989 2558 (u)
1015 2449 1316 2554 distinguuntur3
1346 2473 1444 2554 quae
1470 2459 1666 2554 postrema
1692 2452 1984 2558 suproorditalis
2009 2451 2054 2561 ()
2084 2457 2237 2538 minime
2263 2467 2393 2564 potest

778 2599 993 2705 comparari
1026 2623 1112 2678 cum
1144 2597 1334 2676 consimili
1370 2597 1498 2704 aliquo
1533 2622 1622 2680 osse
1649 2600 1768 2680 cranii
1795 2601 2017 2702 auricularis,
2054 2607 2155 2712 quod
2183 2607 2236 2687 ibi
2262 2609 2390 2714 potius

778 2767 996 2846 distinctum
1022 2789 1065 2844 os
1093 2763 1296 2868 lacrymale
1333 2761 1457 2859 sistit,
1494 2786 1564 2860 eo,
1604 2787 1680 2869 quo
1707 2764 1745 2842 in
1772 2765 2038 2846 Mammalibus
2065 2769 2164 2866 situ,
2197 2769 2391 2880 formaque

778 2926 910 3008 eadem
937 2923 1138 3004 excellens.
1176 2921 1261 3000 Hoc
1288 2919 1416 3027 itaque
1444 2946 1509 3021 os,
1539 2947 1625 3002 cum
1651 2950 1808 3050 squama
1834 2927 1980 3031 piscina
2006 2895 2273 3036 supraorbiisli
2299 2961 2390 3015 con-

778 3079 996 3174 serendum,
1027 3075 1431 3158 dilatato-semilunare
1458 3087 1532 3176 est,
1562 3077 1688 3158 antico
1716 3081 1882 3186 margine
1909 3083 2285 3190 elongatoconvero,
2315 3113 2390 3170 non

778 3246 906 3352 itaque
933 3244 1076 3342 exciso,
1107 3241 1207 3350 quod
1235 3242 1273 3320 in
1300 3241 1592 3324 Psommosuoro
1619 3243 1745 3349 priseo
1774 3243 1933 3353 (Cuoier
1953 3247 1979 3326 l.
2003 3274 2037 3328 c.
2062 3247 2169 3328 XVI.
2193 3249 2255 3356 fig.
2273 3250 2310 3332 7.
2328 3251 2388 3360 b.)

776 3401 876 3480 solet
886 3427 897 3498 3
918 3397 957 3476 in
973 3395 1113 3477 ceteris
1132 3393 1259 3502 ligitur
1273 3406 1355 3474 toto
1374 3395 1541 3502 margine
1559 3397 1750 3478 anteriore
1768 3409 1808 3478 et
1823 3399 2003 3480 interiore
2017 3401 2055 3480 in
2069 3427 2157 3483 osse
2170 3402 2387 3486 etbmoideo

777 3557 925 3638 laterali
960 3556 1120 3662 indeque
1154 3555 1296 3636 sensim
1329 3566 1566 3636 attenuatum
1593 3556 1631 3635 in
1657 3581 1880 3662 processum
1906 3561 2121 3668 elongatum
2151 3563 2319 3644 excurrit
2348 3575 2389 3646 et

775 3728 996 3828 angustum,
1040 3715 1104 3822 qui
1116 3775 1127 3814 ,
1170 3717 1415 3822 cartilagineo
1447 3717 1650 3824 ligamento
1686 3716 1910 3821 adjuvante,
1954 3723 2101 3805 mediae
2136 3725 2237 3831 parti
2269 3723 2386 3830 jugali

776 3874 927 3956 obviam
962 3873 1013 3972 it,
1043 3883 1083 3950 et
1110 3873 1392 3977 suprapositam
1427 3883 1644 3976 aperturam
1681 3870 1881 3956 frontalem
1907 3875 1956 3954 ab
1983 3873 2206 3981 inlraposita
2232 3877 2385 3956 orbitali

775 4027 930 4138 dirimit.

827 4186 896 4268 Cui
923 4186 1009 4266 dein
1035 4185 1137 4290 parti
1165 4185 1238 4266 alia
1257 4185 1472 4296 lacrymulis
1495 4151 1721 4294 iniraposita
1738 4199 1812 4288 est,
1842 4213 1940 4296 quac
1958 4188 2090 4267 eadem
2107 4188 2226 4266 multo
2244 4187 2381 4286 minor,

774 4359 814 4427 at
846 4346 1035 4443 crassior,
1075 4345 1258 4426 interiora
1285 4372 1438 4444 versus,
1477 4345 1661 4428 foramine
1697 4348 1890 4470 lacrymali
1925 4357 2103 4452 pertusa,
2143 4347 2221 4430 ossi
2249 4374 2384 4454 supra·

644 4583 647 4598 ,
773 4503 960 4585 maxillari
977 4502 1172 4602 incumbit,
1194 4504 1458 4586 accedentibus
1477 4531 1628 4614 quoque
1645 4507 1693 4588 ad
1710 4533 1795 4588 eam
1808 4507 1857 4586 ab
1870 4507 2051 4588 interiore
2065 4532 2154 4588 osse
2167 4505 2384 4588 etbmoideo

774 4653 945 4768 laterali,
982 4680 1022 4749 el
1049 4667 1097 4748 ab
1124 4664 1306 4750 inferiore
1334 4667 1461 4748 antico
1489 4696 1572 4750 osse
1587 4669 1729 4777 jogali.
1769 4669 1874 4768 Quae
1902 4671 2053 4778 quidem
2079 4669 2317 4752 semilunaris
2345 4682 2385 4752 ct

772 4825 967 4930 paululum
992 4823 1160 4904 crassior
1186 4823 1225 4903 in
1251 4836 1424 4904 extremo
1452 4825 1600 4924 antico,
1632 4851 1745 4932 quam
1772 4825 1990 4932 posteriora
2017 4849 2164 4922 versus,
2193 4824 2259 4904 ubi
2287 4835 2384 4906 atte-

773 4995 886 5064 nuata
914 4985 952 5062 in
979 4982 1142 5064 medium
1169 5007 1212 5062 os
1240 4981 1366 5088 jugale
1394 4980 1546 5081 incidit,
1586 4982 1635 5062 ab
1662 4980 1844 5064 inferiore
1872 5007 1962 5063 vero
1990 4981 2165 5062 maxillae
2192 4981 2383 5087 superiori

773 5136 927 5242 ossique
954 5135 1202 5242 pterygoideo
1231 5134 1462 5217 incumbens.
1493 5136 1664 5218 Medium
1690 5134 1764 5217 boc
1783 5161 1826 5216 os
1845 5136 2118 5244 multangulare
2136 5137 2183 5218 ad
2202 5133 2384 5216 interiora

772 5295 865 5378 dnos
892 5294 1058 5376 demittit
1075 5318 1293 5398 processus,
1324 5293 1459 5376 frontis
1478 5295 1557 5376 ossi
1575 5295 1737 5376 alterum
1755 5295 1922 5394 obvium,
1952 5307 1992 5376 et
2010 5295 2171 5376 alterum
2188 5292 2380 5401 parictali,

771 5457 873 5564 quod
908 5454 1024 5561 igitur
1059 5462 1260 5558 utrumque
1293 5451 1347 5531 ibi
1383 5454 1475 5534 illud
1510 5449 1654 5556 majore
1687 5475 1757 5532 suo
1785 5450 1893 5532 hiatu
1919 5450 2172 5558 amplectitur.
2213 5449 2383 5532 Tertium

770 5609 932 5716 denique
959 5631 1002 5686 os
1036 5603 1164 5712 jugale
1191 5603 1382 5709 posticum
1398 5602 1459 5714 (Ἴ
1479 5664 1490 5704 ,
1508 5603 1653 5710 longius
1682 5602 1877 5710 paululum
1903 5602 2028 5682 antico
2054 5611 2095 5682 et
2120 5599 2235 5707 gladii
2262 5601 2384 5680 instar

771 5764 964 5846 incurvum
997 5789 1333 5872 compressumque
1360 5789 1436 5844 nna
1461 5787 1548 5844 eum
1574 5787 1662 5844 osse
1689 5761 1901 5844 mastoideo
1929 5761 1969 5840 in
1993 5784 2216 5866 processum
2242 5755 2383 5838 articu-

813 6085 856 6180 ()
878 6083 929 6150 lll.
957 6079 1115 6148 Cervical.
1139 6108 1169 6152 o.
1194 6105 1264 6172 pag.
1288 6075 1354 6146 257
1377 6083 1505 6148 eandem
1526 6078 1745 6172 superciliaris
1767 6078 1891 6146 nomine
1913 6080 2062 6158 salutans,
2087 6097 2143 6162 pro
2159 6099 2237 6146 novo
2252 6084 2384 6164 quodam

769 6223 837 6267 orae
858 6197 1036 6267 declaravit.
1170 6231 1176 6240 ·

813 6339 870 6434 (“)
892 6341 961 6409 Hoc
983 6345 1082 6408 solum
1104 6361 1140 6405 os
1154 6343 1192 6405 ab
1212 6339 1259 6403 ill.
1279 6338 1414 6408 Caviero
1430 6339 1474 6426 (l.
1491 6337 1539 6432 c.)
1554 6363 1611 6427 pro
1626 6297 1759 6425 genuino
1775 6361 1843 6408 osse
1853 6333 1952 6424 jugali
1959 6337 2112 6420 babetur,
2137 6351 2233 6416 quum
2249 6328 2384 6396 medium

769 6455 844 6518 illud
854 6452 1009 6539 frontale
1025 6453 1187 6544 posterius
1211 6455 1305 6522 dieat.
