5582 7752
1218 1695 1320 1874 ιιι.
1396 1775 1491 1874 nu
1541 1729 1944 1883 muninus,

815 2407 996 2498 'Arenosa
1022 2413 1153 2519 caspia
1179 2383 1393 2493 imrumeras
1423 2410 1550 2494 lemni
1577 2411 1853 2528 Amplibt'orum
1881 2395 2053 2520 species,
2083 2413 2122 2492 in
2149 2413 2284 2494 iisdem
2308 2422 2390 2492 tan-

771 2580 849 2650 tum
877 2573 1032 2670 obvias3
1072 2568 1218 2672 referas
1252 2569 1327 2650 huc
1364 2581 1566 2652 extraneos
1598 2573 1750 2685 omnino
1786 2570 1987 2692 Tropelos,
2028 2541 2386 2680 Phrynoeeplulos,

771 2727 1055 2834 Megelocle'los,
1087 2729 1415 2825 Psemmosouros,
1449 2727 1780 2842 Gymnodeetylos,
1803 2729 2020 2838 Euprepes,
2046 2728 2256 2838 Ople'opes,
2276 2729 2388 2808 alias·

771 2913 845 2993 que
873 2889 911 2968 id
937 2913 1053 2996 genus
1082 2889 1287 2986 Lacertae,
1328 2913 1443 2995 quum
1479 2914 1503 2968 e
1539 2897 1674 2968 contra
1700 2885 1752 3008 in·
1767 2875 1935 2968 herbidis
1962 2885 2218 2983 littoralibus,
2248 2886 2298 2966 ab
2324 2909 2389 2966 oc·

644 3083 648 3092 ·
768 3042 918 3124 cideute
945 3044 1081 3142 maris,
1112 3045 1177 3150 illa
1187 3015 1342 3152 genera
1368 3045 1480 3150 plane
1508 3039 1793 3144 desiderentur,
1820 3046 2072 3154 vulgataeque
2099 3046 2236 3152 potius
2249 3045 2388 3125 bocer-
2464 3161 2468 3170 ἢ

769 3203 893 3270 torum
920 3192 1068 3296 species
1095 3190 1345 3272 offendantur.
1376 3191 1510 3300 Neque
1528 3193 1629 3274 idem
1646 3205 1772 3326 tamen
1790 3195 1891 3276 valet
1908 3195 1955 3274 de
1981 3193 2264 3290 Testudrffnebus
2295 3193 2388 3274 Ser-

762 3356 956 3464 pentibus,
987 3347 1236 3450 Botrocleis,
1263 3321 1368 3471 quae
1388 3355 1541 3438 humida
1567 3358 1697 3464 potius
1717 3369 1758 3440 et
1776 3355 1984 3438 herbida'
1954 3356 2066 3482 siccis
2085 3357 2256 3436 arenosis
2275 3381 2387 3460 prae-

768 3517 920 3618 iemnt,
952 3520 1150 3628 ideoque
1140 3509 1179 3603 ru
1207 3520 1469 3626 septentrione
1497 3533 1537 3602 et
1563 3507 1722 3602 meridie
1749 3519 1865 3600 maris
1893 3519 2031 3624 maiori
2055 3544 2211 3600 numero
2230 3519 2382 3626 degrmt,

766 3705 881 3788 pram
907 3679 947 3760 in
974 3681 1144 3778 oriente,
1175 3678 1240 3760 ubi
1269 3677 1394 3760 tamen
1413 3677 1616 3788 Serpentes
1643 3675 1946 3800 venenatissimi,
1977 3677 2027 3778 ab
2052 3677 2138 3758 aliis
2157 3676 2236 3756 oris
2255 3675 2383 3774 alieni,
2495 3741 2499 3747 .
2642 3667 2645 3676 ’

765 3837 1030 3934 observantur,
1058 3836 1474 3942 Tre'ponocepbulorem,
1502 3835 1741 3942 Tomym'dum
1758 3809 1996 3938 aliorumque
2011 3834 2050 3910 id
2063 3859 2179 3938 genus
2192 3833 2383 3936 exemplo.

765 3985 797 4064 Ε
824 3983 997 4070 lacertis
1023 3981 1231 4088 praecipue
1258 3981 1303 4060 L.
1334 3983 1445 4061 velue
1470 3993 1511 4064 et
1530 3981 1671 4062 deserti
1687 3980 1855 4061 omnium
1882 3979 1964 4060 fere
1983 3997 2137 4061 orarum
2156 3980 2279 4062 incola
2297 3991 2383 4082 est,

764 4139 882 4220 veluti
908 4163 1077 4247 quoque,
1090 4136 1270 4250 Clenueys
1297 4164 1432 4278 coepte
1459 4138 1627 4217 inomni
1656 4135 1736 4218 sere
1764 4136 1860 4216 mari
1887 4136 2002 4244 degit.

816 4299 997 4381 Caucasia
1024 4325 1115 4382 vero
1143 4291 1318 4382 montosa
1345 4267 1519 4380 tacetis
1545 4287 1752 4408 praecipue
1780 4312 1821 4382 et
1838 4300 2084 4410 Serpenttbus
2110 4327 2197 4382 cum
2220 4301 2383 4436 vulgatis

762 4459 988 4564 europaeis,
1019 4470 1100 4586 tum
1127 4482 1278 4566 quoque
1304 4459 1412 4538 novis
1440 4460 1640 4572 speciebus
1668 4461 1881 4558 nonnullis,
1911 4463 2033 4542 minus
2052 4487 2144 4543 vero
2164 4461 2286 4540 Renes
2305 4461 2383 4540 Bu-

758 4616 978 4736 [corbesque
1013 4641 1083 4698 nec
1121 4642 1196 4696 nou
1229 4616 1492 4699 Testudine'lus
1527 4617 1740 4716 excellunt,
1779 4629 1821 4698 ut
1858 4618 1987 4725 itaque
2024 4617 2238 4724 Amphibiis
2274 4618 2380 4700 hisce
2518 4671 2521 4678 ,

761 4763 1110 4878 europaea'potius
1138 4747 1277 4852 Fauna
1294 4772 1418 4878 repeti
1445 4772 1632 4853 videatur.

813 4934 1046 5023 Eteoelis
1074 4936 1189 5042 igitur
1220 4933 1536 5044 Gymnodectylus
1564 4933 1745 5044 cespius,
1779 4933 1947 5045 Oplebps
1975 4938 2145 5042 clepens,
2176 4935 2289 5044 idque
2315 4961 2380 5042 ge·

761 5113 831 5168 nus
858 5089 956 5170 aliae
985 5087 1125 5168 formas
1153 5088 1291 5168 sistunt
1317 5100 1516 5170 extraneas
1544 5087 1583 5170 in
1610 5089 1807 5170 occidente
1832 5088 1947 5170 maris
1966 5063 2122 5190 obvias,
2154 5088 2266 5194 hujus
2286 5115 2380 5198 quo-

760 5266 835 5348 que
848 5201 937 5322 ‘loci
965 5239 1099 5321 Stellio
1126 5241 1326 5322 eeueest'us
1353 5254 1414 5326 est
1440 5254 1555 5354 atque
1574 5215 1765 5354 Euprepes
1787 5241 1968 5368 pnitcepe
1986 5255 2027 5326 et
2042 5243 2234 5325 be'uittetus
2254 5243 2376 5344 Men„
2508 5287 2511 5294 ν

759 5403 897 5511 quibus
924 5413 1126 5509 praeterea
1153 5403 1311 5484 addendi
1340 5403 1455 5512 Eryx
1482 5403 1648 5484 turcinas
1682 5405 1890 5512 pluresque
1918 5403 2121 5512 Serpentes
2148 5403 2376 5486 meridiona-

758 5543 851 5634 lium
863 5553 1043 5664 Europae
1064 5554 1281 5662 regionum,
1312 5567 1467 5662 praeter
1486 5555 1744 5664 Trt'ponoplie
1763 5557 1937 5666 aliasque
1951 5556 2103 5664 [beriae
2118 5556 2378 5664 Albaniaeque

615 5807 620 5816 ι
757 5711 965 5822 singulares
994 5711 1135 5792 formas
1163 5713 1417 5820 serpentinas.

809 5875 1031 6004 Encelsiora
1056 5880 1143 5962 dein
1170 5890 1367 5976 montosa,
1412 5877 1619 5958 rarioribus
1647 5819 1877 6004 graminibus
1906 5878 2074 5977 obtecta,
2098 5903 2204 5958 raras
2223 5901 2374 5986 quoque

757 6033 906 6139 species
933 6060 956 6116 e
982 6035 1183 6120 Lacertino
1210 6061 1350 6146 genere
1378 6033 1529 6133 lerunt,
1567 6033 1651 6116 aliis
1690 6035 1863 6116 omuibus
1891 6035 2031 6116 ibidem
2058 5999 2171 6139 plane
2199 6032 2373 6114 deficien·
2385 6073 2387 6080 ι

758 6177 872 6272 tibus.
