5582 7752
1368 814 1424 838 ..
1480 775 1527 856 u
1578 817 1633 837 .-

691 909 908 1042 Alam
933 953 1100 1062 Mam
1123 951 1283 1054 retulit,
1301 963 1343 1036 et
1367 953 1427 1040 tt.
1455 952 1587 1036 Varro
1608 953 1724 1036 talem
1748 919 1901 1063 qnoque
1926 955 2168 1063 exploratu!
2184 953 2303 1040 luisse

694 1115 768 1200 cs.
795 1113 991 1224 empse,
1019 1083 1086 1222 'qur
1110 1109 1221 1217 aas
1247 1111 1341 1194 rnuu
1365 1137 1429 1196 re
1454 1137 1542 1195 aum
1576 1109 1801 1198 nemas
1826 1111 1996 1220 asar,
2024 1111 2216 1220 ponae
2244 1139 2301 1198 a.

690 1271 943 1383 mprtud'use
969 1269 1203 1354 influentium
1228 1269 1393 1352 amium
1418 1271 1475 1352 sal
1506 1270 1605 1354 vinei
1639 1269 1881 1354 credebatur.
1914 1270 2002 1351 laur
2025 1297 2117 1356 vero
2150 1272 2201 1356 do
2235 1271 2304 1354 illo
2372 1288 2373 1296 ‘

687 1455 824 1514 errore
837 1453 935 1511 nunc
954 1428 1107 1537 quidem
1120 1429 1364 1512 interamnae
1378 1437 1551 1532 coustat3
1576 1439 1637 1510 est
1649 1427 1751 1512 euim
1764 1425 1922 1510 haustus
1935 1429 2058 1512 salsos
2075 1442 2118 1514 et
2133 1457 2300 1532 maros,

689 1596 807 1678 utaris
822 1593 966 1676 mortui
983 1594 1040 1676 illi
1058 1592 1334 1704 quodammodo
1351 1592 1500 1692 similis,
1530 1616 1607 1701 quo
1625 1591 1789 1674 maxime
1805 1589 1889 1674 lieri
1907 1591 2069 1690 videtur,
2099 1603 2143 1674 ut
2159 1602 2304 1674 utrum·

689 1777 766 1860 que
801 1775 905 1832 mare
940 1749 1151 1832 rarioribus
1186 1748 1433 1832 animantium
1467 1706 1667 1858 generibus
1702 1745 1921 1849 habitetur,
1958 1774 2081 1858 neque
2114 1747 2305 1832 Facem

690 1908 937 2017 Alporempoe
962 1908 1002 1990 in
1027 1909 1160 2016 caspio
1187 1910 1283 1990 mari
1308 1909 1448 1991 eximia
1473 1909 1673 2017 detegatur
1697 1910 1831 2017 copia,
1868 1911 1904 1992 si
1930 1911 2099 2019 excipias
2125 1937 2151 1993 a
2175 1937 2237 1994 me
2264 1913 2303 1996 in

689 2067 933 2152 halchanensi
973 2067 1060 2148 sinu
1098 2078 1140 2148 et
1173 2092 1297 2188 prope
1332 2067 1530 2150 metellum
1564 2067 1759 2151 Derbendi
1793 2067 2017 2152 observatos
2055 2069 2206 2167 Faces,
2243 2094 2299 2150 sc.

693 2219 924 2306 Gloodn'cm
949 2217 1118 2300 obtusam
1143 2217 1313 2327 Apordl.
1343 2231 1385 2312 et
1399 2219 1708 2330 Polystplooiom
1729 2218 1991 2328 srats’oclosom
2011 2217 2135 2302 Greia.
2156 2217 2205 2329 (¹¹)
2232 2245 2302 2301 nec

690 2407 766 2468 mu
796 2384 928 2466 ocem
957 2381 1203 2466 assisinos
1227 2381 1301 2483 n,
1331 2381 1580 2492 stipatore
1607 2383 1647 2464 a
1672 2384 1768 2465 mari
1793 2383 1957 2468 onnam.
2094 2429 2099 2444 ·
2291 2357 2295 2366 '

739 2545 1010 2630 Inhabitabilia
1035 2546 1152 2626 muris
1180 2545 1312 2628 littora
1337 2543 1651 2651 septentrionalia
1674 2556 1716 2626 ct
1742 2545 1956 2644 orientalia,
1986 2544 2038 2625 ob
2061 2567 2221 2626 arenosa
2235 2541 2302 2623 de-

689 2715 796 2790 serta
829 2703 1043 2787 aridissima
1076 2701 1251 2809 proxima
1287 2712 1375 2782 sunt
1412 2701 1639 2784 incultanrm
1672 2701 1840 2808 gentium
1874 2701 2029 2784 sedibus
2062 2677 2302 2808 lis'rpisoroar

689 2856 909 2966 praecipue,
944 2855 978 2938 Τ
977 2879 1276 2952 transactorum,
1309 2853 1544 2940 calamiae
1569 2853 1828 2963 aliorumque3
1855 2854 2101 2938 occidentalis
2125 2851 2216 2936 dein
2231 2877 2301 2935 ora

629 3027 640 3046 “
689 3025 887 3114 montosa,
924 3013 1045 3096 multo
1081 3011 1200 3122 magn
1232 3013 1313 3118 jam
1345 3013 1470 3114 culta,
1509 3013 1561 3094 oh
1586 3035 1808 3095 numerosos
1834 3011 1990 3112 hunos,
2029 3033 2134 3094 marc
2160 3011 2300 3092 ibidem

689 3170 857 3278 legentes
869 3227 881 3271 ,
909 3127 1047 3279 quibm
1074 3195 1170 3254 vero
1193 3169 1389 3252 orientalis
1408 3169 1488 3270 illa,
1518 3167 1800 3276 inhospitebilia
1820 3169 1945 3275 plana,
1974 3178 2103 3268 caret3
2132 3165 2299 3251 omnium

689 3321 851 3431 denique
876 3323 1038 3404 maxime
1063 3324 1168 3408 culta
1192 3322 1470 3422 meridionalis,
1508 3347 1532 3404 a
1558 3321 1692 3404 Persis
1718 3333 1924 3428 occupata,
1959 3321 2135 3428 spinosa,
2170 3319 2301 3402 mitior

508 3527 515 3540 ·
687 3483 892 3592 multisque
917 3481 1129 3566 fluminibus
1157 3481 1309 3589 hrigua.
1349 3529 1355 3546 ·

741 3632 934 3742 Orientale
959 3635 1064 3716 illud·
1075 3633 1183 3718 littus
1201 3631 1390 3741 pandam
1409 3631 1588 3714 tenebant
1605 3631 1862 3738 Massopetos,
1892 3628 2113 3713 fortitudine
2130 3630 2298 3716 illustres

689 3795 729 3876 in
752 3795 855 3875 bello
882 3795 1063 3877 adversus
1094 3794 1259 3902 Cyrum,
1297 3795 1507 3874 Persarum
1533 3817 1685 3900 regem,
1722 3819 1748 3874 a
1779 3791 1954 3901 Tomyri,
1992 3793 2145 3874 illorum
2170 3792 2299 3902 regina

688 3957 736 4037 ad
762 3954 885 4038 Oxum
911 3979 1059 4036 amnem
1084 3955 1235 4063 proelio
1261 3953 1405 4038 victum
1430 3964 1471 4035 et
1497 3951 1752 4054 interiectum,
1783 3954 1848 4063 qui
1876 3953 2004 4037 Solem
2021 3922 2198 4064 tanquam
2215 3955 2298 4036 uni-

686 4144 773 4202 cum
799 4121 924 4202 Deum
949 4115 1225 4226 agnoscebant,
1254 4115 1368 4224 eique
1394 4142 1533 4226 eqrrum
1558 4115 1843 4220 sacrificabant3
1873 4120 2036 4202 arcubus
2063 4119 2291 4215 utebantur,

685 4283 839 4390 gladiis,
870 4280 1089 4362 thoracibus
1115 4278 1315 4388 aereisque
1341 4277 1590 4388 sagaridibus3
1620 4279 1768 4388 cingula
1794 4282 1841 4360 iis
1867 4307 1986 4364 aurea
2011 4291 2186 4388 erantet
2212 4281 2292 4362 dia·
2425 4239 2430 4248 ,

686 4440 836 4522 asmata
861 4439 901 4518 in
926 4437 1083 4546 pugnis3
1118 4445 1253 4518 aurata
1279 4437 1397 4519 etiam
1421 4461 1606 4546 equorum
1633 4435 1764 4519 fraena
1789 4448 1830 4520 et
1855 4439 1939 4520 lora
1965 4439 2186 4520 humeralia.

739 4590 922 4677 Permulti
949 4591 988 4671 in
1013 4590 1230 4674 adversum
1256 4591 1379 4699 magni
1405 4591 1588 4698 parvique
1614 4615 1744 4674 amnes
1772 4589 1811 4672 in
1837 4589 1877 4670 id
1901 4615 2007 4672 mare
2026 4592 2196 4692 influunt,
2226 4593 2294 4676 sed

687 4751 893 4848 intereos,
924 4748 989 4857 qui
1016 4745 1153 4830 lamam
1179 4747 1335 4849 habent,
1364 4747 1454 4830 Rha
1479 4749 1614 4849 amnis,
1644 4748 1758 4829 hodie
1784 4749 1906 4856 Volga
1932 4748 2070 4848 dictus,
2100 4751 2295 4858 miraeque

686 4910 874 4998 rastitatis
900 4911 1073 5011 excellit,
1103 4937 1126 4995 e
1152 4910 1331 4996 aaldaicis
1358 4911 1549 4994 montibus
1577 4921 1774 5044 entremae
1791 4911 1967 5013 hassiae,
1997 4913 2046 4995 ad
2063 4913 2296 4996 occidentem

686 5069 902 5176 longissime
917 5183 921 5186 p
936 5067 1161 5152 distantibus
1197 5079 1305 5152 ortus
1317 5127 1329 5168 ,
1366 5069 1559 5176 alveisqne
1586 5069 1798 5151 numerosis
1825 5095 1849 5152 e
1875 5071 2136 5178 septentrione
2164 5069 2227 5181 (**)
2256 5073 2294 5154 in

685 5225 856 5332 caspium
880 5250 1130 5334 promanans3
1160 5237 1242 5310 tum
1267 5251 1420 5334 quoqne
1437 5225 1581 5308 vicinus
1608 5225 1665 5310 illi
1691 5225 1817 5308 Uralis
1834 5228 1917 5313 sire
1934 5228 2133 5337 thmnns
2151 5230 2289 5329 amuis,

684 5411 709 5467 e
732 5383 917 5494 Riphaeis
944 5385 1096 5496 pristini
1121 5385 1206 5472 aevi
1232 5385 1425 5468 montibus
1451 5396 1574 5484 ortus,
1603 5397 1720 5496 atque
1746 5387 1868 5470 Emba
1894 5373 2015 5470 multo
2041 5387 2164 5468 minus
2178 5389 2291 5488 vasti,

726 5745 770 5842 (¹)
790 5745 858 5818 Jam
879 5751 999 5840 pridem
1021 5759 1188 5836 utrumque
1209 5749 1342 5819 Focum
1364 5773 1435 5820 cnm
1457 5749 1676 5818 illustrissimis
1696 5750 1853 5838 Algologrs
1874 5749 2121 5835 communicari,
2152 5771 2209 5832 nee
2232 5753 2294 5819 nisi

682 5889 782 5955 nuper
795 5872 868 5942 acl.
886 5868 1072 5942 Mastousia
1094 5863 1333 5955 Stuttpcrdieusi
1355 5869 1470 5936 sertim
1488 5870 1589 5938 iactos
1609 5891 1691 5952 snm,
1715 5872 1753 5936 ad
1772 5868 1843 5936 illas
1857 5867 1979 5956 species
1993 5869 2149 5955 pertinere
2162 5870 2292 5957 caspios

682 5981 810 6065 Faces,
831 5987 865 6052 in
887 5987 1035 6054 adriatico
1057 5987 1136 6056 mari
1159 6007 1285 6074 quoque
1306 5985 1433 6070 obvios,
1457 6008 1516 6053 nec
1538 6007 1674 6074 unquam
1696 5985 1730 6051 in
1750 5987 1836 6052 dulei
1858 6008 1939 6072 aqua
1962 5998 2114 6076 repertos.

722 6145 781 6240 (‘')
800 6143 910 6218 Sinum
940 6148 1055 6220 ibidem
1083 6150 1333 6240 septentrionalis
1353 6151 1461 6220 oceani
1485 6151 1618 6240 pristino
1639 6171 1714 6222 aevo
1736 6149 1894 6238 perhibuit
1915 6145 2039 6218 Strabo
2059 6162 2185 6237 propter
2199 6151 2293 6218 raath

681 6267 773 6329 tatem
800 6257 868 6330 Rha
894 6262 981 6334 llovii
1011 6260 1142 6358 ejusque
1171 6265 1349 6347 alveonrm,
1378 6264 1494 6336 vernali
1517 6275 1654 6352 ternpore
1676 6266 1759 6332 bunc
1781 6272 1913 6331 tractrnu
1935 6263 2026 6352 longe
2046 6265 2170 6346 lateque
2191 6259 2288 6328 inuu-

680 6375 829 6456 limbum.
