5628 7750
753 929 977 1038 sraauptios
1001 955 1026 1012 e
1051 930 1221 1037 parvalis
1236 926 1404 1036 numu
1422 927 1614 1034 gurlaribm
1632 937 1849 1026 aasoaota,
1878 928 1997 1032 pedes
2015 929 2202 1036 elongate
2219 929 2370 1037 digitis,

753 1116 785 1172 a=
802 1089 944 1195 pollice
968 1086 1031 1168 ad
1068 1097 1247 1194 quarum
1287 1083 1548 1191 longissimam
1586 1081 1820 1192 magnaeus
1849 1085 1994 1170 oasim
2037 1085 2367 1193 immadem,

755 1247 992 1353 poeticorum
1017 1243 1257 1350 potissimam
1283 1243 1422 1348 pedm
1452 1241 1636 1340 unam,
1666 1242 1854 1348 unguibus
1879 1241 2093 1342 sublatis,
2121 1243 2372 1344 acuminatis,

754 1361 941 1500 mulus,
971 1399 1128 1480 uuae.

763 1607 766 1616 ·
805 1561 990 1668 carpum
1016 1559 1126 1644 uror
1152 1580 1315 1664 sapam
1342 1583 1391 1639 ει
1417 1557 1743 1654 arvo-umus,
1773 1557 1885 1638 laus
1912 1557 2079 1656 naus,
2108 1531 2376 1666 arpo-mim-

756 1723 867 1822 latis,
896 1722 1025 1828 capite
1051 1719 1230 1826 subnigro
1242 1775 1253 1817 ,
1290 1719 1391 1800 eollo
1419 1739 1584 1823 superne
1612 1716 1804 1824 dorsoque
1830 1719 2136 1818 obscurioribus,
2173 1717 2260 1800 rato
2286 1741 2375 1802 coe

755 1881 911 1960 ruleove
936 1873 1157 1972 mamlatis,
1193 1872 1353 1954 maculis
1380 1870 1488 1953 hisce
1513 1871 1888 1978 aigro-marginatis,
1918 1872 2063 1954 ocellos
2090 1879 2269 1980 tanquam
2294 1873 2375 1956 aira

757 2043 899 2122 rivulos
927 2039 1216 2147 longitudinales
1244 2035 1545 2132 delinamtibus,
1582 2059 1681 2115 nano
1713 2035 1936 2142 geminatis,
1972 2057 2069 2116 mano
2096 2035 2281 2116 solitariis
2307 2035 2377 2116 ob·

756 2201 849 2299 riis,
891 2198 1035 2306 passim
1071 2197 1414 2294 orell-teretibus,
1457 2195 1601 2301 passim
1636 2193 1871 2278 semilanatis
1907 2196 2119 2294 emisisse,
2158 2193 2376 2276 interstitiis

757 2361 857 2442 inter
889 2360 1035 2440 ocellos
1069 2356 1188 2439 hosce
1221 2354 1313 2436 rulis
1339 2353 1552 2454 floridiore,
1592 2377 1682 2435 rato
1707 2355 1836 2456 canis3
1872 2355 2022 2440 humari
2047 2369 2089 2438 et
2114 2353 2374 2454 antibraclria‚

757 2508 904 2593 lamera
929 2508 1018 2588 dein
1042 2519 1085 2588 et
1109 2532 1224 2588 crura
1249 2505 1349 2586 binis
1374 2507 1622 2612 utplurimum
1650 2507 1817 2588 toronae
1844 2505 1970 2590 fasciis
2001 2507 2228 2590 transvorsis
2260 2505 2376 2613 nigris

755 2678 913 2767 mnata,
933 2663 1050 2770 digiti
1068 2662 1227 2746 lucidius
1244 2661 1330 2744 flavi
1348 2658 1631 2768 nigrolaseiati3
1658 2663 1780 2744 cauda
1805 2663 1889 2746 basi
1912 2662 2140 2761 incrassata,
2170 2661 2377 2768 derepente

757 2834 973 2920 attenuata,
1003 2823 1199 2926 elongata,
1231 2831 1318 2900 octo
1347 2831 1412 2902 aut
1439 2844 1575 2900 novem
1604 2818 1730 2901 fasciis
1756 2844 1804 2900 ex
1823 2820 2114 2902 caeruleo-atris
2134 2818 2374 2918 transvorsis,

757 2987 963 3094 postremis
991 2986 1170 3092 integris,
1208 2983 1343 3062 asticis
1377 2983 1636 3082 semilunatis,
1673 2983 1897 3082 latioribus,
1933 2985 2042 3106 basin
2070 2985 2212 3066 caudae
2239 3008 2377 3064 ornau-

758 3145 875 3224 tihus.
904 3142 1101 3222 Abdomen
1119 3140 1306 3238 albidum,
1328 3150 1496 3220 mentum
1514 3140 1664 3239 album,
1685 3153 1821 3247 pectus
1838 3139 1989 3222 vixdum
2006 3140 2374 3248 nigro-punctatum,

757 3310 875 3390 cauda
911 3305 1057 3395 iolerae
1088 3307 1139 3388 ad
1171 3305 1281 3388 basin
1313 3304 1423 3404 alba,
1462 3304 1575 3410 epioe
1600 3305 1736 3404 rubra,
1776 3303 2066 3412 nigrosasciata3
2101 3306 2231 3411 plicae¹
2253 3305 2376 3386 miuus

756 3464 985 3570 conspicuae
1012 3461 1060 3542 ad
1086 3460 1197 3542 basin
1224 3459 1410 3542 lemonam
1435 3469 1476 3542 et
1502 3459 1551 3540 ad
1576 3485 1689 3542 auom
1716 3459 1864 3540 obviae.

811 3665 952 3746 Forma
977 3664 1098 3745 cranii
1125 3657 1186 3776 (T.
1211 3689 1288 3742 xm.
1308 3661 1374 3770 fiq.
1400 3659 1460 3741 11.
1481 3688 1504 3740 a
1523 3662 1666 3760 latere,
1693 3661 1759 3768 fiq.
1792 3661 1852 3742 12.
1875 3661 2115 3769 asuperiore
2142 3673 2183 3742 et
2207 3661 2272 3770 fiq.
2309 3659 2369 3742 13.

757 3827 806 3909 ab
824 3828 1004 3910 inferiore
1023 3823 1218 3937 delineati)
1238 3823 1661 3928 obtuso-triangularis,
1682 3823 1910 3930 maxillaque
1928 3825 2087 3906 inlerior
2106 3823 2150 3934 (l.
2163 3850 2198 3907 c.
2213 3826 2279 3935 fip.
2296 3823 2376 3934 ll.)

757 3985 971 4064 numerosis
999 3984 1222 4080 denticulis,
1252 3979 1462 4086 superioris
1490 3979 1633 4078 instar,
1663 3979 1832 4062 excellit.
1863 3981 1962 4066 Ossa
1984 3985 2092 4092 carpi
2111 3985 2155 4094 (1.
2176 4011 2212 4068 c.
2231 3986 2296 4094 fip.
2318 3983 2377 4090 9.)

757 4154 799 4224 et
825 4142 890 4222 illa
917 4139 1013 4222 tarsi
1041 4138 1084 4249 (l.
1103 4165 1137 4220 c.
1153 4137 1217 4248 fip.
1240 4135 1320 4251 10.)
1349 4159 1523 4221 seorsmn
1549 4135 1751 4222 delineata.

810 4344 1022 4452 Longitudo
1058 4342 1176 4424 totius
1212 4343 1387 4448 corporis
1424 4343 1449 4423 d
1484 4345 1578 4448 poll.
1612 4343 1630 4424 1
1661 4344 1752 4442 lin.,
1791 4344 1974 4451 scopite
2008 4345 2056 4426 ad
2089 4369 2201 4425 anum
2232 4345 2250 4426 1
2279 4347 2373 4451 poll.

759 4506 784 4586 8
811 4507 904 4603 lin.‚
935 4517 979 4585 ut
1005 4507 1134 4614 itaque
1162 4504 1282 4585 cauda
1307 4505 1334 4583 2
1359 4503 1454 4608 poll.
1485 4501 1511 4581 5
1537 4503 1604 4582 lin.
1635 4505 1686 4581 sit
1713 4504 1836 4610 longa.

812 4694 858 4776 ln
886 4694 1060 4776 omnibus
1089 4692 1265 4778 convenit
1292 4717 1378 4776 cum
1405 4691 1663 4798 descriptione
1690 4689 1875 4772 locutos
1902 4688 2183 4772 coodivoloulac
2201 4689 2302 4779 Poll.
2325 4689 2375 4806 (⁶)

759 4867 799 4940 et
825 4858 990 4967 Apamea
1018 4861 1199 4940 ocellotoe
1227 4857 1431 4938 La'cltenst.
1456 4852 1522 4966 (”)
1533 4917 1545 4955 ,
1575 4855 1799 4962 quibuscum
1826 4855 2176 4967 Phrynocepdolum
2201 4857 2378 4940 reticulo·

629 5070 632 5078 ·
759 5035 834 5106 tum
846 5077 857 5119 ,
888 5045 999 5104 ame
1026 5022 1217 5128 proadem
1243 5019 1386 5101 dietum
1405 5013 1505 5126 (ml,
1536 5029 1714 5124 tanquam
1741 5018 1965 5102 varietatem
1989 5018 2194 5125 conjunxi3
2223 5031 2378 5130 atquae

757 5179 1136 5264 cellaalteastea'rtio
1154 5175 1264 5285 (ibid.
1280 5183 1307 5262 l.
1325 5178 1381 5290 o.)
1399 5181 1545 5288 Apono
1563 5180 1824 5262 samsadolo
1840 5192 1881 5263 et
1897 5182 1970 5264 cel.
1988 5183 2263 5268 Emramoaat’o
2281 5179 2378 5292 (Ὗ)

759 5339 1091 5451 Phrynoceplulus
1120 5343 1399 5424 coudaooloulus
1426 5341 1588 5439 dicitur,
1618 5341 1670 5421 nil
1689 5341 1762 5422 nisi
1780 5344 1959 5449 geramus
1977 5343 2125 5451 Pdrpn.
2147 5345 2379 5452 asemper

759 5491 885 5588 Poll,
916 5518 939 5574 a
966 5517 1042 5600 quo
1069 5493 1222 5577 omnino
1250 5519 1326 5575 non
1352 5493 1544 5576 differunt.

810 5667 934 5772 Hujus
961 5694 1114 5777 quoquo
1141 5669 1304 5755 venetas
1331 5678 1393 5749 est
1416 5667 1512 5748 Luc.
1541 5679 1691 5774 pultato
1717 5667 1806 5778 Lep.

764 6046 768 6055 .
801 5988 844 6085 ()
865 5989 1040 6082 Zoograpla.
1065 6017 1144 6062 ross.
1168 5995 1259 6060 aciat.
1283 6015 1336 6059 ιιι.
1362 6015 1396 6078 p.
1419 5986 1476 6056 27.

802 6101 858 6193 (“)
881 6101 920 6168 la
942 6101 1178 6170 Eversmonn’s
1200 6102 1293 6170 Reisa
1318 6107 1398 6169 nacla
1420 6101 1583 6182 Buchara,
1608 6125 1678 6188 pag.
1706 6103 1782 6180 143.

801 6351 815 6418 l

801 6213 870 6308 ψ’)
894 6211 930 6281 ln
951 6208 1078 6301 Zoolog.
1104 6215 1232 6302 special.
1257 6239 1310 6282 ιιι.
1334 6239 1405 6303 pag.
1435 6209 1510 6280 186.

747 6353 753 6394 ι
807 6325 869 6350 '''''
873 6339 887 6418 )
911 6327 948 6394 ln
971 6325 1073 6394 Nous.
1099 6325 1194 6396 Meu.
1220 6333 1258 6394 de
1280 6333 1308 6394 la
1330 6326 1405 6396 Sao.
1429 6333 1468 6395 de
1488 6326 1589 6394 More.
1614 6355 1665 6396 nr.
1690 6331 1767 6402 Tae.
1793 6357 1896 6400 xxxar.
1920 6335 1973 6420 fig.
1998 6332 2031 6401 ἓ,
2057 6331 2128 6422 p'flg,
2152 6331 2232 6398 362,
