5582 7752
1478 827 1743 910 ...51-

807 1013 902 1096 ..Os
930 1013 1230 1096 tbtmoasillurs
1265 1013 1430 1119 simplex
1465 1014 1504 1096 iu
1538 1013 1862 1114 Permane,
1901 1019 2098 1124 purietulis
2134 1023 2234 1104 ossis
2268 1033 2311 1106 et
2335 1025 2418 1104 nesi

723 1177 726 1184 ’
795 1199 924 1273 more,
954 1175 993 1294 in
1019 1187 1192 1258 extremo
1218 1177 1387 1283 margine
1414 1177 1543 1260 antico
1560 1177 1783 1278 utentum,
1811 1191 1902 1262 octo
1925 1181 2101 1264 dentibus
2118 1185 2326 1282 munitm,
2353 1209 2419 1268 eu·

795 1305 1004 1418 ernesius
1037 1337 1182 1418 sensim
1208 1336 1467 1444 longioribus,
1496 1340 1714 1444 posteriora
1740 1366 1873 1424 veen
1899 1355 1940 1424 e
1966 1341 2147 1426 norton
2162 1345 2339 1432 ocimu
2355 1373 2419 1430 n·

797 1503 887 1578 ture
903 1493 1135 1599 diremptum
1148 1553 1159 1592 ,
1191 1494 1245 1584 itu
1271 1505 1315 1573 nt
1340 1495 1536 1602 quaelibet
1562 1521 1654 1602 pars
1681 1497 1850 1578 latentis
1877 1511 2088 1580 extremum
2113 1473 2336 1605 processuum
2362 1514 2419 1582 te·

797 1679 911 1736 uuem
940 1681 984 1736 uc
1011 1656 1166 1762 plenem
1193 1655 1325 1754 sistet,
1355 1657 1423 1762 qui
1450 1681 1585 1764 magno
1606 1656 1715 1738 biatu
1732 1659 1787 1742 ibi
1804 1659 1854 1740 eb
1871 1660 2031 1742 invicem
2049 1674 2218 1742 remotus
2235 1664 2420 1768 pristinae

660 1813 662 1818 ’
797 1815 1064 1922 diremptionis
1093 1815 1252 1922 vestigia
1278 1817 1451 1921 apertius
1479 1829 1692 1916 monstrut3
1724 1819 1762 1898 iu
1787 1819 1913 1900 medio
1939 1821 2027 1902 dein
2054 1820 2235 1903 inferiore
2251 1823 2318 1904 elii
2334 1823 2420 1904 des·

798 1973 962 2084 cendunt
988 1974 1073 2070 duo
1091 1997 1296 2078 processus
1323 1973 1472 2079 exigui,
1509 1975 1671 2054 invicem
1703 1975 1959 2080 approximati
1995 1987 2035 2056 et
2060 1957 2320 2082 compluenti,
2352 1978 2419 2084 qui

662 2209 666 2216 ,
797 2123 960 2229 duplicis
988 2121 1102 2228 hujus
1130 2123 1230 2249 ossis
1258 2124 1331 2202 sub
1357 2123 1503 2230 origine
1530 2137 1706 2206 naturum
1731 2127 1873 2206 clarius
1898 2139 2119 2232 exponunt3
2152 2129 2328 2208 dentibus
2355 2129 2420 2208 de·

798 2273 913 2380 nique
940 2269 1158 2378 postposite
1184 2285 1273 2356 sunt
1300 2271 1487 2356 toramine
1519 2275 1596 2356 duo
1633 2277 1815 2376 incisiru5
1852 2289 1894 2358 ut
1929 2277 1996 2358 ubi
2032 2277 2209 2384 utrinque
2244 2279 2421 2360 maxillae

797 2431 992 2538 superiori
1019 2432 1344 2528 conterminatur,
1373 2431 1478 2514 uliud
1505 2431 1629 2536 majus
1659 2431 1831 2514 toramen
1856 2433 1908 2514 ab
1933 2457 1981 2514 eo
2009 2433 2207 2514 limitatur.
2237 2432 2422 2538 Superior

799 2588 950 2672 demum
981 2569 1103 2670 ‘facies
1138 2587 1445 2692 intermeuilleris
1481 2589 1581 2672 ossis
1618 2589 1831 2696 simplicem
1862 2615 2084 2694 processum
2109 2591 2275 2672 demittit
2300 2591 2420 2670 multo

800 2745 1011 2850 longiorem
1037 2756 1078 2826 et
1104 2769 1389 2848 compressum,
1419 2745 1486 2852 qui
1511 2771 1629 2850 supra
1656 2747 1805 2828 uarium
1821 2745 2011 2844 conchas,
2038 2774 2104 2828 ees
2133 2759 2311 2854 tunquam
2344 2746 2420 2824 dis-

801 2903 1030 3000 terminans,
1060 2902 1109 2982 ed
1135 2925 1179 2984 os
1208 2925 1329 3007 usque
1355 2899 1459 2998 nesi,
1489 2901 1552 2982 cui
1578 2899 1730 3007 ligitur,
1760 2901 2029 3006 proficiscitur.

857 3111 912 3194 Os
938 3135 1057 3218 porro
1082 3111 1293 3226 palatinum
1322 3109 1363 3220 (t.
1386 3140 1421 3191 c.
1442 3109 1483 3216 n)
1502 3112 1658 3218 planum
1683 3111 1921 3208 edentulum,
1950 3135 2156 3216 processus
2181 3111 2417 3218 pterygoidei

800 3275 1010 3388 postpositi
1037 3301 1165 3375 more,
1197 3277 1310 3384 idque
1339 3277 1493 3383 oblique
1520 3303 1544 3358 a
1571 3301 1749 3374 vomere,
1778 3276 1841 3357 cui
1869 3275 2059 3382 infigitur,
2089 3277 2307 3382 posteriora
2334 3304 2419 3358 rer-

800 3458 893 3536 sus,
925 3459 1060 3543 magno
1087 3435 1195 3516 hiatu
1216 3437 1324 3526 ‚inter
1342 3447 1545 3543 utrumque
1562 3435 1742 3541 pressio,
1771 3435 1819 3514 ed
1841 3459 2066 3541 processum
2084 3433 2227 3514 huncce
2244 3435 2420 3540 procedit

801 3595 913 3702 eique
942 3595 1148 3692 incumbit,
1179 3595 1227 3674 ad
1254 3597 1353 3674 letus
1381 3621 1472 3675 uero
1500 3607 1698 3676 externum
1716 3619 1738 3674 e
1756 3595 1881 3674 medio
1898 3595 2129 3678 crassiorem
2145 3593 2312 3674 demittit
2327 3617 2420 3698 pro-

800 3771 973 3848 cessum,
1011 3773 1087 3856 quo
1114 3749 1256 3829 sensim
1282 3749 1419 3831 latiore
1446 3751 1495 3830 ed
1519 3751 1711 3830 maxillam
1737 3751 1973 3856 superiorem
1999 3749 2168 3844 accedit,
2203 3749 2313 3844 loco,
2343 3773 2419 3856 quo

800 3929 844 3981 os
857 3873 1139 4012 pteryqoideem
1158 3901 1201 4016 (l.
1224 3933 1258 3982 c.
1282 3904 1317 4014 s)
1338 3905 1461 3984 eidem
1479 3905 1630 3982 obviem
1647 3904 1764 3980 uenit.
1778 3903 1862 3978 lloc
1881 3903 2022 4002 iteque,
2044 3898 2247 3972 onoldeem
2265 3920 2417 4002 quoque

672 4123 676 4134 .
801 4053 839 4133 in
866 4054 1031 4154 Avibus,
1074 4055 1154 4136 sire
1181 4080 1386 4161 processus
1414 4055 1537 4134 elutus
1565 4053 1735 4133 internus
1763 4051 1803 4129 iu
1828 4046 2096 4128 Mammalibus
2121 4046 2284 4144 dictum,
2319 4047 2419 4128 iuter

799 4209 875 4290 elia
903 4208 1030 4294 omnia
1057 4207 1221 4290 maxime
1247 4209 1441 4290 exteriore
1469 4232 1601 4288 versus
1629 4207 1746 4288 situm
1762 4212 1845 4298 est,
1875 4198 2068 4280 anteriore
2085 4223 2218 4280 versus
2234 4226 2321 4280 cum
2337 4227 2417 4286 mu·

801 4377 891 4460 xilla
918 4377 1117 4486 superiore
1144 4401 1308 4483 esseque
1334 4375 1526 4482 palatino,
1557 4373 1605 4454 ud
1630 4369 1850 4478 posteriore
1866 4387 1951 4444 cum
1968 4389 2152 4471 processu
2167 4359 2417 4472 pterpgoideo
2491 4471 2496 4478 ,

800 4546 968 4625 nectitur
1005 4555 1045 4624 et
1081 4543 1131 4625 ab
1157 4543 1350 4624 exteriore
1378 4562 1543 4644 superne
1570 4537 1667 4616 ossis
1684 4528 1832 4640 jupulis
1858 4541 2009 4634 partem
2035 4527 2267 4607 anteriorem
2293 4539 2334 4606 et
2361 4527 2416 4606 in-

801 4705 980 4790 feriorem
1007 4709 1163 4814 excipit.

851 4919 1028 5001 Omnium
1054 4942 1147 5000 vero
1174 4917 1317 4997 ossium
1354 4913 1571 5022 longissime
1598 4922 1638 4991 et
1665 4904 1896 4990 validissime
1922 4898 1965 5016 (t.
1988 4929 2021 4980 c.
2044 4899 2079 5016 r)
2107 4913 2194 4980 sunt
2215 4929 2416 5010 processus

795 5067 1053 5182 pterypoidei‚
1092 5065 1260 5146 externis
1297 5064 1403 5144 hisce
1443 5063 1483 5142 in
1508 5059 1767 5144 Mammalium
1794 5055 1917 5132 classe
1945 5051 2240 5156 respondentes,
2284 5051 2412 5158 iique,

800 5201 879 5312 lato
906 5231 1015 5311 biatu
1042 5230 1092 5310 eb
1120 5230 1280 5310 invicem
1316 5227 1516 5333 dirempti,
1559 5221 1717 5331 pelotini
1755 5215 1855 5296 ossis
1892 5239 2026 5310 more,
2065 5215 2115 5294 ab
2150 5213 2223 5294 boc
2264 5239 2415 5322 quoque

799 5400 964 5498 utroque
984 5398 1024 5467 et
1051 5386 1101 5466 ab
1128 5411 1215 5466 osse
1241 5385 1491 5498 pterygoideo
1515 5381 1668 5478 exorsi,
1698 5349 1850 5482 duplice
1869 5373 1997 5480 itaque
2016 5398 2201 5479 processu
2227 5373 2306 5450 lato
2333 5373 2416 5478 ple-

799 5580 925 5662 noque
952 5551 1165 5644 excellunt,
1196 5572 1240 5628 ec
1267 5548 1356 5628 dein
1381 5547 1505 5627 media
1531 5569 1663 5626 eorum
1690 5547 1801 5648 parte
1828 5546 2025 5616 coarctate
2052 5535 2088 5612 in
2115 5534 2334 5639 posteriora
2362 5533 2416 5613 le-

800 5723 956 5810 runtur,
996 5720 1190 5794 attenuate
1226 5705 1368 5786 sensim
1402 5716 1442 5785 et
1475 5725 1718 5809 compresse,
1756 5695 1811 5774 lte
1838 5703 1880 5772 ut
1906 5691 1956 5771 ab
1984 5691 2132 5776 interne
2158 5717 2293 5772 eorum
2320 5689 2415 5772 iecie

800 5866 969 5946 lateralis
996 5891 1199 5976 processus
1228 5860 1607 5968 ossis-sphenoidei,
1637 5857 1687 5938 ab
1714 5864 1884 5934 extreme
1911 5862 2067 5933 externa
2093 5876 2296 5958 processus
2324 5852 2415 5932 erti-

799 5989 939 6102 cularis
967 5987 1064 6098 ossis
1094 6031 1309 6125 temporum
1335 6013 1562 6120 excipietur.
1594 6012 1640 6092 In
1658 6005 1877 6113 multiplice
1905 6006 2034 6116 itaque
2061 6031 2160 6085 nexu
2185 6029 2272 6086 cum
2299 6005 2414 6086 variis

800 6183 951 6264 ossibus
979 6178 1208 6283 corripitur,
1248 6206 1271 6258 a
1299 6181 1419 6260 lutere
1446 6176 1523 6256 late
1550 6172 1719 6258 excisum
1745 6179 1828 6266 est,
1868 6193 2077 6276 versusque
2113 6167 2306 6248 anteriora
2339 6191 2414 6245 una

798 6363 884 6422 oum
912 6365 1000 6422 osse
1027 6334 1276 6443 pterygoideo
1304 6347 1345 6418 et
1370 6335 1539 6439 palatino
1576 6303 1747 6436 rbuguam
1774 6338 1994 6434 aperturum
2019 6324 2300 6448 circumscribit
2327 6349 2417 6405 orn·
