5628 7750
977 937 1551 1024 ‚-1o5-'

461 1127 548 1208 dein
581 1127 727 1206 minore
760 1147 918 1206 numero
951 1122 1202 1231 dentibusque
1235 1123 1367 1204 solidis
1402 1109 1585 1229 postilla
1611 1123 1744 1222 nullis,
1784 1121 1855 1234 (l)
1877 1123 2075 1246 imprimis

443 1305 553 1364 ⁴vero
579 1280 726 1397 minore
752 1304 909 1362 numero
936 1291 1218 1386 postremorum
1244 1281 1489 1362 sectaborum
1507 1279 1829 1362 submarillarium
1846 1279 2076 1388 minimoque

461 1439 610 1544 capito,
640 1437 773 1520 habito
801 1447 979 1544 respectu
1006 1437 1129 1554 trunci
1156 1437 1319 1522 amariae
1342 1437 1534 1522 crassitiei
1561 1449 1602 1521 et
1629 1439 1888 1544 proceritatis.

665 1907 669 1916 ’
700 1923 1098 2058 raorroonoros'
1115 1949 1280 2034 raasr
1307 1951 1354 2034 n.
1386 1951 1477 2032 ns.
1500 1977 1575 2032 m.
1606 1953 1687 2034 aa.
1723 1949 1826 2050 r-‚a

914 2247 1076 2330 Cotoher
1096 2275 1215 2358 perso
1243 2249 1345 2332 Patr.

896 2412 998 2536 ¹001.
1032 2411 1184 2522 Oppelii
1207 2413 1320 2494 Dum.

916 2573 999 2660 Col.
1031 2573 1180 2658 Natrix
1206 2599 1396 2662 murorum
1422 2574 1527 2658 Fitz.

918 2729 1195 2840 Trepidoaotus
1226 2727 1378 2840 oppetit
1401 2730 1473 2811 Fr.
1504 2731 1612 2812 Boio.
1704 2762 1707 2768 ·
1795 2811 1799 2820 .

515 3055 858 3161 Albo-torquatus,
897 3077 1016 3158 supra
1045 3077 1094 3134 ex
1120 3053 1274 3136 cinereo
1300 3011 1590 3152 coerulescens,
1628 3055 1756 3164 strigis
1782 3058 1809 3138 2
1836 3057 1932 3138 albis
1961 3059 2079 3167 longi-

464 3211 715 3308 tudinalibus,
744 3209 878 3290 subtus
906 3207 1198 3317 nigro-alboque
1226 3209 1445 3292 tesselatus.
1741 3177 1743 3188 ¹

515 3363 616 3446 llab.
645 3363 686 3464 in
713 3361 1020 3446 meridionalibus
1046 3361 1248 3461 caucasiis,
1277 3363 1327 3444 ad
1352 3387 1458 3446 mare
1474 3363 1662 3472 caspium,
1691 3366 1731 3448 in
1748 3365 1894 3466 Persia,
1924 3367 2080 3452 blesan-

462 3519 661 3643 deranansi
687 3517 907 3626 provincia,
937 3518 999 3600 vir
1028 3515 1263 3640 frequentior
1289 3519 1329 3600 in
1354 3519 1560 3604 Dalmatia.

515 3685 656 3766 Forma
682 3695 723 3766 et
748 3685 857 3765 color
884 3683 1001 3766 totius
1029 3683 1203 3790 corporis
1236 3683 1491 3793 Trepidorroti
1513 3683 1713 3784 Nutricis,
1750 3687 1920 3794 exceptis
1948 3687 2078 3796 strigis

462 3837 607 3920 duabus
633 3837 745 3934 albis,
775 3837 814 3915 in
844 3835 927 3918 Col.
957 3861 1147 3918 marorum
1174 3851 1276 3918 auct.
1306 3863 1458 3948 quoque
1485 3815 1712 3962 observatis,
1741 3851 1786 3921 ut
1811 3825 1942 3949 imque
1967 3866 2081 3924 unam

463 4003 694 4108 eandemque
720 3998 889 4106 speciem
913 3983 1000 4082 cum
1028 3997 1102 4079 boc
1128 3999 1352 4082 constituat.
1383 3999 1632 4109 squamarum
1648 3991 1856 4086 dorsalium
1872 4005 1993 4090 series
2015 4004 2076 4105 19,

351 4143 355 4152 ¹
463 4163 648 4270 suanm
673 4159 830 4242 circitor
856 4159 904 4260 l,
942 4159 1193 4268 Tropidorroti
1214 4175 1405 4240 murorum
1431 4161 1620 4266 exemplo.
1653 4161 1670 4270 (
1679 4163 1705 4242 l.
1735 4188 1771 4244 c.
1799 4164 1865 4271 fio.
1895 4161 1955 4272 2.)
2095 4137 2099 4148 ⁸

516 4317 631 4400 Color
663 4341 828 4424 superne
863 4315 1027 4398 obscure
1052 4316 1341 4416 coerulescens‚
1359 4341 1404 4398 -o
1431 4315 1539 4424 nigro
1565 4305 1740 4398 cinereus
1752 4377 1764 4418 ,
1801 4318 1840 4398 iu
1864 4317 2080 4424 junioribus

463 4477 641 4560 maculae·
661 4449 769 4558 atrae
794 4499 866 4582 per
883 4473 1075 4582 regulatus
1103 4473 1224 4558 series
1249 4483 1388 4556 notaeo
1414 4473 1646 4582 impositae.
1663 4474 1703 4558 in
1718 4473 1857 4558 adultis
1873 4476 2076 4576 evanidas,

463 4643 586 4724 minus
614 4639 840 4749 regulariter
865 4637 984 4736 sitae,
1021 4637 1162 4746 strigae
1187 4661 1236 4719 eo
1265 4617 1493 4735 albidiores,
1530 4660 1606 4745 quo
1632 4635 1755 4718 minus
1782 4647 1966 4744 provecta
1992 4663 2080 4746 spe

463 4803 623 4899 cimina,
642 4773 645 4782 ⁵
661 4799 704 4882 in
733 4796 873 4890 adultis
899 4794 972 4876 sub
998 4794 1119 4902 ipsius
1145 4795 1244 4876 cutis
1270 4793 1481 4876 mutatione
1507 4793 1648 4876 sensim
1672 4793 1876 4893 evanidae,
1913 4795 2081 4878 cineras-

462 4967 606 5054 centes,
635 4965 753 5060 capnt
768 4949 922 5033 omniuo
940 4950 1130 5047 Nutricis,
1159 4950 1299 5032 collum
1318 4949 1406 5032 albo
1425 4959 1576 5058 torque,
1595 4949 1778 5032 aterrima
1794 4949 1941 5034 macula
1957 4975 2095 5060 eaque*
2227 4957 2230 4962 ’

464 5077 626 5218 oblonga
661 5117 902 5216 postrorsum
936 5105 1123 5206 limitato'3
1161 5103 1348 5186 abdomen
1374 5102 1563 5238 Nutricis·
1578 5103 1754 5212 exemplo
1781 5103 1870 5186 albo
1896 5103 2080 5214 nigroque

466 5245 701 5345 tesselatum.
732 5255 860 5340 Gauda
876 5259 1019 5339 sensim
1036 5259 1076 5338 in
1093 5257 1278 5340 abdomen
1294 5279 1515 5338 excurrens.
1545 5253 1758 5372 Longitudo
1776 5255 1861 5362 ejus
1880 5256 2078 5366 tripedalis

464 5433 505 5504 et
532 5419 633 5530 quod
659 5419 844 5500 excurrit.
1319 5529 1324 5542 ·
1841 5481 1845 5490 .

519 5577 634 5658 Scuta
659 5573 811 5655 abdom.
845 5570 932 5672 175,
963 5572 1147 5655 samson.
1166 5571 1232 5672 71,
1262 5573 1300 5652 in
1325 5559 1441 5682 Trop.
1463 5599 1653 5655 maronam
1671 5573 1708 5654 F
1708 5572 1775 5654 itz.
1800 5583 1908 5656 scuta
1925 5572 2074 5655 ebdom.

470 5737 566 5836 180,
594 5734 766 5818 caudalia
792 5733 857 5815 68.

522 5901 683 5983 Colober
717 5898 877 5980 minutus
914 5897 1016 5980 Patr.
1035 5897 1098 6008 ()
1134 5875 1385 6009 Tropr'doooti
1402 5928 1541 6010 pmcne
1568 5851 1734 5984 varietas·
1756 5879 1887 6006 junior
1912 5913 2000 5985 esse
2026 5902 2079 5984 ri·

345 6171 352 6176 ·
466 6063 590 6144 detur.

510 6416 553 6506 ()
576 6413 616 6481 V.
642 6411 815 6502 Zoograpb.
840 6410 904 6478 111.
930 6434 999 6498 pag.
1023 6409 1080 6476 41.
1105 6411 1261 6480 Pictorum
1285 6377 1440 6508 ramentis
1461 6416 1644 6486 dalmatinos
1666 6441 1696 6484 v.
1721 6419 1753 6486 ia
1776 6411 1905 6498 Sabina
1928 6411 2079 6504 Naturge-

465 6533 606 6644 sebicbte
627 6535 681 6596 der
704 6527 871 6616 chtilien.
897 6525 1038 6594 licitur.
1067 6526 1153 6596 rab.
1178 6525 1234 6596 58.
1259 6527 1342 6622 th.
1370 6526 1400 6596 l.

603 6669 882 6728 triennarum.
902 6686 979 6744 casp.
998 6685 1077 6726 aare.
1531 6625 1535 6634 ¹
1906 6675 1941 6728 tt
2085 6697 2087 6708 ι
