5582 7752
1402 875 1456 900 ...
1506 833 1560 916 20
1610 875 1664 896 ..

720 1041 914 1138 om,
943 1025 1028 1108 nvo
1054 1022 1281 1135 liquefacta,
1311 979 1524 1130 esurum
1550 1013 1639 1101 nnn
1665 1015 1907 1118 arnam,
1935 1018 2021 1100 ras
2040 1015 2223 1100 mam
2248 1017 2336 1098 aa·

720 1199 830 1298 gmt,
872 1185 1118 1293 lmearsqra,
1147 1183 1328 1291 copiosa,
1372 1179 1588 1290 Auspiciis,
1618 1177 1797 1286 ampo
1832 1177 1873 1257 in
1907 1177 2048 1286 apricis
2074 1178 2212 1285 opimis
2238 1177 2336 1263 bne

720 1345 972 1435 enutriuntur.
1011 1347 1107 1432 hlox
1133 1367 1224 1428 vero
1251 1369 1274 1426 e
1301 1341 1419 1424 nimio
1444 1341 1538 1424 solis
1565 1353 1676 1424 aestu
1701 1341 1856 1450 plantae
1888 1343 2148 1444 emantur,-
2183 1339 2335 1428 curiles

721 1511 807 1592 indo
834 1535 879 1593 ao
905 1509 1048 1592 deserti
1073 1505 1200 1616 campi
1227 1503 1328 1588 onrui
1356 1503 1572 1588 animalium
1593 1529 1731 1613 genere
1749 1505 1976 1589 deseruntur
1992 1507 2107 1617 idque
2123 1501 2335 1593 numerosis

722 1697 857 1780 turmis
884 1698 924 1778 in
950 1695 1045 1778 alias
1074 1697 1249 1805 regiones
1277 1697 1427 1804 migrat.

729 1857 733 1871 .
773 1855 901 1964 Longe
928 1867 1056 1937 autem
1083 1855 1159 1937 alia
1184 1853 1316 1937 Fauna
1342 1855 1498 1936 altiores
1526 1851 1683 1936 Caucasi
1710 1865 1858 1936 montes
1885 1855 2082 1964 conspicui
2109 1813 2220 1961 sunt3
2257 1859 2338 1965 jam

722 2017 825 2100 enim
849 2017 1098 2098 submontosa
1124 2015 1440 2123 septentrionalia
1466 2027 1614 2122 tempus
1643 2016 1826 2128 aestivale
1852 2019 1972 2100 mnlto
1998 2019 2150 2102 brevius
2178 2019 2334 2122 hahent,

697 2163 837 2280 'quam
863 2168 1006 2251 devera
1032 2181 1073 2251 et
1098 2169 1233 2277 plana,
1271 2143 1432 2277 ideoque
1464 2192 1541 2248 non
1573 2167 1647 2248 nisi
1680 2167 1755 2249 hoo
1788 2178 1960 2275 tempore
1993 2171 2130 2254 adreae
2163 2171 2338 2255 Volaaras

597 2345 602 2360 '
723 2329 970 2437 utplurimum
995 2337 1037 2409 et
1062 2327 1217 2408 Iaseota
1242 2327 1304 2408 his
1339 2328 1378 2408 in
1410 2327 1505 2408 locis
1540 2325 1666 2409 vitam.
1683 2317 1823 2434 degunt
1848 2327 2134 2432 brevissimam3
2170 2357 2245 2440 quo
2272 2331 2335 2434 fit,

722 2501 767 2570 ut
792 2491 956 2572 maxima
982 2486 1070 2568 anni
1095 2497 1207 2594 parte
1233 2487 1408 2594 exignum
1433 2485 1652 2568 animalium
1678 2511 1875 2568 nnmerum
1900 2487 1955 2568 ihi
1978 2488 2256 2596 deprehendas.

776 2685 828 2765 At
853 2709 1032 2790 suprema
1057 2682 1242 2764 montium
1267 2677 1464 2764 cacumina
1489 2705 1715 2788 summaque
1735 2677 1849 2786 juga,
1879 2679 1966 2761 nive
1992 2681 2226 2786 sempiterna
2251 2708 2340 2766 can-
2401 2721 2403 2728 ⁴

725 2844 832 2942 dida,
862 2842 927 2922 uhi
944 2851 1155 2946 perpetuae
1174 2832 1322 2920 hiemes
1337 2837 1471 2919 sedent
1487 2849 1528 2918 et
1544 2837 1797 2919 intolerabilis
1815 2837 1938 2943 rigor,
1969 2838 2179 2926 rarioribus
2197 2843 2338 2948 plantis

725 3017 881 3106 ornata,
917 3028 1111 3112 perpauca
1137 3000 1289 3083 vixdum
1315 2999 1512 3097 animalia,
1548 3023 1671 3118 eaque·
1695 2996 1756 3079 his
1784 2999 2000 3106 regionibus
2021 2968 2160 3109 'algidis
2188 2967 2340 3087 omnino
2395 2995 2398 3002 ’

725 3166 885 3273 propria
911 3165 1061 3265 lerunt3
1098 3187 1216 3271 quae,
1252 3161 1434 3242 calidiore
1468 3159 1556 3240 anni
1590 3171 1764 3265 tempore
1791 3157 1831 3237 in
1857 3158 1943 3240 imis
1970 3161 2155 3242 montium
2180 3177 2336 3266 exorto,

725 3329 899 3436 regiones
926 3328 1071 3409 natales
1100 3327 1273 3433 linquunt
1298 3323 1536 3430 mediamque
1563 3321 1819 3404 declivitatem
1846 3323 2005 3424 adeunt,
2041 3325 2129 3407 dum
2154 3287 2340 3437 reliquum

725 3513 841 3594 genus
869 3513 892 3569 e
913 3483 1073 3568 Glirs'am
1098 3485 1231 3566 ordine
1257 3483 1297 3563 in
1313 3482 1446 3565 mediis
1466 3481 1573 3562 hisce
1590 3481 1782 3561 montibus
1801 3494 2015 3584 remaneat,
2046 3497 2160 3596 atque
2178 3489 2342 3572 hiemem

727 3640 974 3748 frigidamque
1000 3662 1150 3718 omnem
1176 3646 1443 3743 tempestatem
1469 3607 1630 3716 hiberno
1658 3659 1791 3720 somno
1818 3635 1994 3719 ohnrtum
2017 3642 2223 3750 transigat3
2251 3670 2342 3728 con-

727 3799 865 3881 duntur
890 3797 992 3880 enim
1017 3794 1184 3900 majores
1212 3795 1343 3877 Mares
1369 3791 1517 3891 hieme,
1546 3793 1688 3898 pahnlo
1716 3805 1805 3874 ante
1832 3795 1872 3872 in
1898 3821 2035 3904 specus
2061 3815 2258 3883 convecto.
2310 3779 2315 3788 ’

779 3986 920 4070 Mediis
953 3984 1040 4066 dein
1074 3982 1181 4064 hisce
1216 3993 1258 4064 et
1290 3981 1376 4061 imis
1409 3979 1595 4060 montium
1628 3978 1872 4088 hippioomm
1907 3983 2123 4092 regionibus
2156 3989 2338 4100 Urom,

571 4178 574 4190 ·
728 4146 873 4256 insigne
900 4143 992 4226 illud
1018 4141 1138 4224 Boam
1166 4141 1334 4223 lerorum
1361 4166 1477 4250 genus
1509 4139 1705 4246 juhatum,
1741 4141 1947 4248 proprium
1974 4157 2036 4226 est
2068 4157 2108 4228 et
2141 4175 2164 4234 a
2194 4149 2342 4237 Cabar-
2409 4264 2413 4272 v

560 4343 564 4356 ¹
729 4307 899 4388 diuorum
924 4303 1247 4406 dictatorumque
1273 4298 1497 4406 proceribus
1524 4299 1582 4380 ihi·
1607 4297 1825 4408 frequenter
1850 4313 2022 4384 venatur.
2136 4361 2155 4414 ¹.

780 4497 827 4577 ln
852 4495 1067 4578 universum
1093 4492 1227 4573 eadem
1254 4487 1335 4572 lere
1361 4489 1608 4616 animantium
1633 4515 1772 4599 genera
1798 4489 1838 4570 in
1863 4475 2210 4601 utraque'Cancasi.
2227 4498 2342 4583 decli..

730 4661 849 4744 vitate
874 4665 1098 4754 oocurmnt,
1128 4654 1220 4736 licet
1246 4653 1322 4736 alia
1349 4677 1500 4761 quoque
1526 4653 1878 4760 deprehandantur‚
1915 4656 1979 4738 uni
2006 4658 2163 4742 alterive
2189 4661 2343 4746 declivi·

731 4824 803 4908 tati
837 4821 1017 4931 propria,
1054 4831 1096 4902 et
1128 4815 1337 4916 Caucasus,
1375 4815 1463 4898 dum
1501 4817 1550 4900 ab
1582 4843 1721 4904 occasu
1754 4819 1802 4900 ad
1835 4817 2023 4902 orientem
2050 4823 2210 4904 summis
2241 4823 2342 4933 jugis

731 4977 850 5062 niveis
876 4973 1131 5082 longissimum
1158 4971 1233 5054 iter
1256 4969 1456 5070 emetitur,
1485 4970 1790 5054 distinctissimos
1817 4972 1928 5080 ponit
1954 4973 2093 5056 limites
2112 4989 2344 5084 europaeam
2460 4992 2463 5002 '

732 5137 831 5218 inter
855 5133 1025 5216 Faunum
1051 5141 1165 5238 atque
1191 5129 1401 5212 asiaticam.
1441 5105 1577 5238 Itaque
1603 5131 1782 5214 animalia
1814 5131 1854 5225 in
1880 5129 2059 5216 Colchide
2092 5135 2267 5245 antiqrm,
2305 5139 2344 5220 in

731 5293 861 5378 llmria
887 5291 974 5374 dein
999 5299 1040 5372 et
1065 5287 1247 5388 Albania,
1284 5289 1396 5398 inquo
1429 5289 1593 5374 desertis
1620 5289 1720 5398 Cyro
1757 5293 1859 5382 amni
1892 5293 2024 5379 vicinis
2052 5295 2344 5381 obviaoumino

733 5453 915 5538 recedunt
947 5451 997 5544 ah
1030 5449 1136 5548 aliis,
1172 5449 1271 5532 oltra
1303 5449 1393 5557 juga
1425 5450 1603 5534 caucasis
1635 5451 1831 5560 indigena;
1866 5453 1937 5534 sic·
1955 5452 1995 5532 in
2027 5451 2102 5532 illis
2130 5453 2345 5559 regionibns

712 5577 1062 5722 ¹deprehenduntur
1083 5609 1304 5724 dignatae,¹
1327 5609 1451 5694 Canes
1479 5611 1605 5710 aurei,
1635 5593 1832 5721 datilopae
1865 5609 2015 5717 aliaque
2065 5587 2342 5722 Quadrupeda,

733 5781 775 5856 et
799 5770 895 5854 avo
921 5771 1159 5896 complures,
1196 5768 1357 5852 Testado
1384 5769 1472 5852 dein
1497 5771 1625 5870 ibera,
1655 5772 1845 5882 Eupreprir
1867 5769 2066 5880 princeps,
2097 5769 2230 5858 Stellae
2243 5799 2347 5856 eau-

734 5933 877 6032 cast'us,
902 5931 1218 6045 Gpmrtodaotplus
1238 5933 1405 6044 caspius,
1428 5935 1677 6046 Tripoaopllr’s
1698 5936 1821 6018 iherus
1843 5936 1983 6046 aliique
1998 5934 2201 6046 Serpentes
2220 5946 2347 6021 extra·¹

591 6086 593 6094 ’
734 6095 817 6195 noi,
854 6104 897 6178 ut
929 6104 1076 6176 taceam
1107 6095 1156 6178 de
1189 6094 1385 6193 Picarias,
1422 6095 1462 6178 in
1495 6093 1595 6204 Cyro
1629 6107 1777 6178 tantum
1805 6097 1930 6181 ¹ohriis
1964 6097 2126 6206 aliisque
2156 6095 2348 6182 Crustao's

734 6253 985 6362 Iaseotr'spua3
1015 6251 1069 6335 ihi
1087 6252 1226 6358 degunt
1246 6253 1396 6338 Cancer
1413 6255 1559 6353 daus,
1581 6255 1752 6365 Solpapa
1776 6256 1998 6339 araaeoides
2017 6255 2195 6364 alioqum
2215 6255 2348 6363 Capra

735 6437 827 6496 vero
863 6413 1064 6512 comasio,
1101 6410 1270 6522 Autelopa
1303 6415 1533 6530 rupicapra,
1571 6415 1674 6498 Feles
1701 6427 1810 6498 aolus
1833 6417 1961 6523 saus,
1989 6416 2140 6524 aliaque
2166 6397 2205 6496 id
2230 6436 2346 6534 geutu
2389 6483 2395 6501 ,
