5582 7752
1108 909 1372 988 ..19-

275 1145 278 1153 =
426 1097 597 1194 cinctae,
638 1095 815 1202 nullaque
852 1119 941 1198 pars
975 1094 1076 1174 cutis
1112 1093 1273 1174 dorsalis
1312 1093 1494 1174 destituta
1531 1077 1640 1173 hisce
1673 1092 1853 1199 granulis.
1897 1091 1942 1171 ln
1979 1029 2048 1172 bos

428 1279 512 1366 rum
548 1277 700 1360 quoquc
736 1251 901 1358 occipite
937 1263 1028 1358 post
1063 1252 1195 1332 oculos
1232 1277 1389 1359 squama
1424 1253 1799 1375 ungulato-rotunda
1835 1252 2047 1359 depreben-

427 1418 529 1496 ditur
564 1417 765 1523 medioque
800 1413 986 1522 profunde
1022 1415 1232 1520 impressa,
1272 1441 1294 1494 a
1327 1381 1460 1496 nostro
1494 1415 1606 1521 plane
1634 1416 1771 1497 aliena.
1811 1415 1933 1522 Hujus
1950 1417 2048 1498 'dein

427 1577 567 1656 collum
594 1573 712 1681 magis
740 1573 985 1671 muricatum‚
1016 1573 1142 1653 medio
1169 1571 1401 1678 singularum
1426 1599 1666 1680 squamarum
1685 1574 1724 1654 in
1742 1573 1939 1680 parvulam
1956 1575 2048 1655 emi-

428 1741 595 1822 nentiam
616 1749 865 1838 excurrente3
896 1749 1028 1818 uertex
1046 1737 1132 1817 dein
1151 1737 1268 1842 magis
1287 1737 1495 1842 impressus
1513 1739 1679 1846 magisve
1697 1757 1905 1834 concavus,
1936 1763 2048 1844 quom

428 1891 468 1971 in
494 1893 580 1974 aliis
607 1891 811 1972 extraneis.
954 1880 961 1892 '

482 2053 605 2160 Supra
632 2051 778 2132 orbitas
805 2053 927 2133 nostri
955 2051 1172 2158 speciminis
1201 2077 1383 2160 squamae
1410 2053 1594 2148 minores,
1626 2051 1665 2132 in
1692 2052 1835 2133 vertice
1862 2077 1952 2134 rero
1971 2032 2076 2134 mas

425 2217 555 2321 jores,
592 2203 753 2327 indeque
787 2243 919 2298 versus
948 2217 1141 2298 anteriora
1168 2227 1207 2297 et
1234 2217 1452 2321 posteriora
1479 2216 1517 2304 in
1543 2215 1759 2297 consimiles
1786 2227 2044 2298 excurrentes.

479 2375 664 2456 Rostrum
689 2378 843 2460 brevius
869 2402 914 2457 ac
942 2376 1136 2456 robustius
1165 2401 1278 2482 qnam
1295 2376 1345 2454 -in
1371 2401 1596 2482 congenere.
1626 2375 1785 2456 Fasciae
1813 2376 1941 2482 nigrae
1968 2386 2047 2458 tres

429 2529 718 2636 longitudinales
746 2531 924 2637 utrinque
953 2529 991 2608 in
1017 2530 1118 2609 collo
1147 2528 1283 2610 obviae
1309 2530 1483 2636 aliaeque
1510 2556 1577 2612 sex
1601 2539 1840 2609 transversae
1858 2529 1896 2607 in
1914 2529 2044 2627 dorso,

428 2701 599 2801 anterior
632 2725 749 2804 supra
784 2697 1022 2802 scapularem
1058 2695 1273 2801 regionem,
1313 2695 1361 2775 ad
1395 2695 1589 2776 anteriora
1622 2719 1751 2774 arcum
1778 2692 2044 2788 conscribens,

428 2859 598 2966 reliquae
626 2881 717 2937 vero
746 2855 922 2936 laterales
941 2855 981 2932 in
999 2853 1210 2958 simplicem
1231 2853 1379 2958 apicem
1397 2851 1537 2932 sensim
1556 2849 1768 2931 tenuiorem
1786 2859 2045 2948 excurrentes,

427 3045 497 3101 nec
524 3020 674 3126 duplice
701 3045 813 3100 crure
841 3018 1078 3099 terminatae.

479 3168 607 3250 Cauda
634 3169 683 3248 ab
710 3169 818 3248 initio
846 3179 948 3250 teres
978 3193 1022 3249 ac
1049 3168 1162 3247 modo
1190 3193 1238 3248 ex
1264 3168 1489 3275 prominulis
1516 3166 1650 3248 mediis
1682 3167 1850 3274 squamis
1877 3167 2048 3248 111111111-

428 3339 539 3426 nata,
577 3327 795 3433 paullopost
832 3327 880 3406 ad
915 3327 1064 3432 apicem
1098 3349 1220 3430 usque
1255 3323 1622 3430 compressiuscula‚
1661 3347 1731 3404 nec
1767 3322 1944 3402 distincte
1981 3323 2050 3401 tri·

429 3497 564 3594 quetra
575 3546 586 3585 ,
624 3486 784 3592 ideoque
811 3485 953 3564 caudae
981 3482 1103 3562 forma
1130 3483 1258 3588 potius
1287 3482 1334 3561 ad
1362 3481 1637 3588 Hydrosouros
1664 3479 1832 3578 accedit,
1862 3503 1976 3585 (1111111
2002 3480 2050 3560 ud
2096 3484 2100 3492 ’

429 3648 764 3766 Psammosauros,
795 3647 843 3728 ad
870 3671 966 3755 quos
995 3643 1214 3752 Egressus
1241 3655 1404 3752 propter
1430 3644 1588 3724 caudam
1616 3653 1779 3724 teretem
1808 3643 1960 3724 omnino
1989 3657 2049 3724 re'-

429 3807 627 3907 ferendus,
668 3833 783 3916 quum
819 3833 841 3887 e
877 3819 1010 3888 contra
1046 3806 1165 3910 cauda
1192 3804 1446 3912 Polydaedcli
1477 3803 1629 3886 m'lotr'cr'
1649 3805 1802 3885 omnino
1829 3831 2050 3912 compressa

428 3962 479 4042 sit
506 3985 550 4042 ac
577 3959 779 4040 natatoria.

480 4111 691 4219 Longitudo
719 4110 838 4190 totius
865 4113 1041 4216 corporis
1069 4112 1188 4192 adulti
1215 4137 1301 4191 cum
1327 4111 1446 4190 cauda
1473 4109 1604 4214 3ped.
1631 4109 1703 4202 1¹s,
1720 4113 1814 4216 poll.
1845 4115 2046 4213 emetitur,

429 4283 469 4352 at
501 4270 644 4351 caudae
678 4241 873 4376 longitudo
911 4269 928 4348 1
965 4271 1104 4374 pedem
1137 4249 1373 4374 'lpollice's‚
1413 4279 1453 4347 et
1480 4267 1562 4348 sine
1588 4267 1709 4348 cauda
1735 4269 1783 4366 ad
1813 4268 1887 4360 l¹l2
1912 4271 2050 4376 pedem
2167 4253 2169 4258 ⁵

429 4431 587 4513 aceedit.

483 4593 669 4701 Squamae
696 4591 880 4698 capitales
908 4591 1098 4690 minores,
1129 4591 1301 4672 dorsales
1328 4591 1458 4697 paullo
1485 4591 1676 4695 maiores,
1707 4593 1937 4701 marginibus
1965 4621 2050 4702 gra-

429 4755 592 4853 nulatis,
623 4754 864 4836 transversae
892 4755 1012 4836 series
1039 4753 1079 4835 in
1104 4753 1288 4836 lateribus
1307 4751 1452 4860 passim
1472 4753 1732 4860 interruptae,
1763 4781 1943 4862 squamae
1960 4783 2050 4838 cau·

429 4912 499 4993 dae
538 4907 595 5021 (r.
625 4911 719 4992 Tab.
748 4939 808 5010 rx,
837 4909 900 5018 fig.
933 4909 993 4989 15.
1028 4906 1118 5018 16.)
1155 4909 1321 5007 similes,
1360 4907 1588 4990 transversis
1616 4908 1787 4990 seriebus
1815 4911 2047 5016 dispositae,

428 5063 588 5143 caudam
614 5061 664 5140 ab
691 5059 801 5140 initio
837 5071 1002 5142 teretem
1028 5085 1072 5140 ac
1099 5060 1187 5143 dein
1214 5061 1546 5166 subcompressam
1571 5059 1873 5159 constituentes3
1903 5061 2045 5166 pedes,

405 5221 545 5299 'simili
572 5221 684 5300 modo
712 5221 929 5326 squamosi,
960 5219 1087 5326 digitis
1110 5218 1231 5317 fissis,
1261 5218 1447 5325 unguibus
1475 5218 1731 5326 longioribus,
1762 5219 1925 5300 incuruis
1937 5281 1948 5320 ,
1981 5219 2050 5302 lal-

429 5374 645 5473 cularibus,
675 5373 725 5453 ab
750 5383 915 5480 utroque
941 5375 1064 5455 latere
1090 5375 1345 5490 compressis,
1375 5375 1484 5480 apice
1511 5375 1645 5456 subtus
1672 5378 1823 5475 exciso,
1852 5403 1960 5458 cavo.

484 5533 655 5640 Utraque
682 5532 837 5614 maxilla
863 5533 1056 5641 aequalis,
1080 5531 1270 5616 inferiore
1296 5535 1417 5616 multo
1445 5535 1641 5635 tenuiore,
1670 5562 1694 5617 a
1722 5537 1921 5642 superiore
1948 5538 2050 5619 exci-

430 5697 590 5803 pienda,
615 5697 752 5794 ‚dentes
778 5698 967 5804 elongati,
998 5697 1165 5797 incurvi,
1198 5700 1311 5780 medii
1338 5699 1551 5805 longiores,
1590 5700 1825 5805 compressi,
1864 5700 1912 5780 ad
1939 5701 2050 5784 basin

430 5853 610 5952 latiores,
640 5853 789 5952 striati,
819 5855 929 5962 apice
956 5855 1183 5955 laevissimi,
1214 5857 1336 5954 acuti,
1367 5855 1680 5935 intermaxillares
1709 5853 1875 5960 impares
1893 5856 1919 5937 7
1929 5917 1939 5956 ,
1970 5883 2049 5940 me-

430 6013 514 6094 dius
553 6015 709 6121 reliquis
744 6017 875 6121 paullo
910 6017 1086 6117 brevior,
1126 6019 1305 6100 laterales
1332 6020 1495 6100 extremi
1521 6018 1642 6099 multo
1669 6019 1859 6126 longiores
1888 6033 1928 6104 et
1955 6022 2049 6103 rali-

429 6170 580 6268 diores,
610 6173 944 6278 snpramaxillares
973 6173 997 6254 9
1025 6173 1182 6255 latiores
1211 6173 1317 6254 hisce
1344 6184 1384 6254 et
1411 6174 1621 6280 longiores,
1651 6171 1880 6258 scindentes.

483 6329 605 6438 Caput
623 6351 776 6414 osseum
793 6335 1028 6439 elongatum,
1059 6333 1301 6439 depressum,
1331 6332 1605 6434 acuminatum,
1636 6333 1790 6417 frontali
1808 6335 2049 6442 potissimum

334 6543 341 6550 -
389 6609 392 6614 Ι
432 6487 585 6593 regione
611 6499 651 6570 et
677 6487 855 6594 parietali
883 6473 1018 6592 planu,
1049 6489 1199 6572 orbitae
1226 6491 1477 6590 luto-ouules,
1508 6491 1546 6571 in
1574 6492 1699 6574 medio
1725 6492 1903 6601 utrinque
1932 6493 2043 6591 sitae,

570 6633 742 6691 Eronwnnn
758 6639 847 6694 Fauo.
868 6653 944 6712 carp.
965 6655 1043 6694 canc.
1911 6642 1944 6694 ¹³
