5582 7752
1102 917 1365 998 ...r-1...

424 1095 541 1192 larem
577 1107 675 1188 ossis
713 1117 926 1212 temporum
962 1101 1105 1184 incidit.
1144 1100 1251 1183 lnter
1278 1115 1478 1208 utramque
1506 1099 1602 1181 hanc
1628 1099 1793 1205 jugalem
1821 1107 1972 1203 partem
1998 1095 2039 1182 el

423 1286 466 1342 os
489 1261 651 1342 frontale
668 1259 794 1365 ampla
812 1256 1004 1337 enascitur
1022 1245 1201 1359 apertura
1220 1279 1289 1334 seu
1310 1251 1420 1335 lorea
1430 1251 1668 1358 temporalis,
1681 1249 1790 1354 cnjus
1809 1249 2039 1332 mentionem
2155 1351 2164 1370 .

421 1417 501 1520 jam
527 1443 644 1523 supra
670 1415 881 1520 injecimus.

476 1580 642 1661 Inlerior
658 1579 820 1686 deniqne
833 1576 986 1656 maxilla
1004 1577 1123 1654 multo
1139 1573 1372 1680 simpliciore
1386 1585 1573 1678 apparatu
1586 1597 1699 1654 osseo
1713 1599 1798 1652 cum
1812 1575 1942 1655 cranio
1955 1574 2041 1678 jun-

417 1745 540 1852 ‘gitur,
571 1745 772 1850 adjuvante
791 1745 830 1824 in
848 1741 951 1823 omni
969 1751 1062 1820 casn
1072 1750 1255 1846 processu
1270 1737 1334 1818 illo
1349 1735 1556 1817 articulari
1566 1736 1664 1815 ossis
1679 1751 1879 1845 temporum
1895 1735 1936 1845 (l.
1955 1765 1988 1816 c.
2007 1737 2040 1844 t)

424 1901 502 1980 lato
539 1893 835 2003 compressoque
870 1907 910 1977 et
937 1894 1082 1992 valide,
1121 1893 1246 1972 antico
1272 1893 1410 1997 plano,
1439 1889 1588 1996 postice
1616 1901 1821 1990 excavato,
1852 1891 1977 1972 medio
2004 1891 2043 1970 in

340 2151 343 2160 .
424 2057 592 2136 carinam
620 2053 843 2160 prosiliente
871 2063 911 2133 et
937 2050 1110 2131 nonnihil
1136 2049 1295 2144 inllero,
1328 2047 1392 2154 qui
1419 2047 1573 2154 oblique
1601 2047 1797 2152 paululum
1823 2045 1973 2151 positus
2002 2047 2041 2126 in

423 2223 584 2316 utroque
612 2195 794 2291 extremo
811 2209 1066 2303 incrassatus,
1097 2232 1120 2286 a
1146 2203 1345 2310 superiore
1371 2229 1596 2308 processum
1623 2204 1722 2282 ossis
1749 2202 1925 2307 occipitis
1952 2227 2042 2286 cons

422 2373 659 2478 dploidenm,
691 2398 734 2452 os
762 2372 849 2453 dein
876 2369 1128 2451 mastoideum
1154 2378 1194 2448 et
1219 2367 1346 2474 jugale
1374 2367 1565 2471 posticum
1592 2365 1685 2472 figit,
1716 2365 1765 2446 ab
1792 2364 1972 2447 inleriore
2000 2381 2040 2446 et

423 2525 607 2608 interiore
634 2527 833 2631 processui
859 2525 1109 2649 pterygoideo
1136 2534 1309 2604 extremo
1337 2521 1555 2601 incumbens
1584 2545 1670 2601 curn
1687 2521 1841 2600 maxilla
1860 2518 2041 2600 inferiore

274 2684 276 2690 ’
423 2687 660 2768 articulatur.
690 2668 874 2794 Reliq'uss
902 2712 993 2766 vero
1021 2685 1119 2765 ossis
1148 2697 1363 2789 temporum
1390 2694 1534 2787 partes,
1565 2683 1735 2787 exceptis
1763 2682 1974 2763 mastoideo
2002 2694 2043 2762 et

423 2853 596 2946 petroso,
627 2841 705 2920 noli
733 2841 786 2920 ibi
813 2850 1052 2944 exspectare.
1085 2839 1254 2918 Externo
1282 2839 1383 2916 illius
1411 2859 1615 2940 processus
1642 2836 1857 2916 articudaris
1885 2835 2042 2941 margini

423 2991 643 3072 membrana
670 2990 838 3098 tympani
866 2988 1073 3086 adhaeret,
1104 3001 1145 3070 et
1171 2988 1313 3093 passim
1341 3013 1493 3096 quoque
1521 3012 1564 3068 os
1594 2989 1849 3094 tympanicum
1875 2989 2037 3090 dicitur,

423 3153 463 3223 at
494 3141 673 3246 junctura
707 3139 791 3245 ejus
828 3167 916 3222 cnm
952 3143 1106 3222 maxilla
1141 3139 1323 3224 inferiore
1359 3139 1532 3247 gravior,
1571 3123 1734 3250 ideoque
1769 3169 1792 3222 a
1827 3143 1970 3248 potiori
1998 3143 2041 3224 lit
2136 3203 2141 3215 .

422 3305 692 3387 denominatio.

482 3463 756 3578 Vertedrorum*
771 3425 938 3546 omnium
964 3477 1141 3546 numerus
1169 3465 1216 3545 ad
1243 3463 1290 3546 31
1321 3463 1492 3545 dorsa’les
1520 3464 1680 3561 accedit,
1711 3487 1786 3544 non
1811 3466 2042 3570 computatis

410 3621 667 3720 sandalibus,
698 3648 796 3730 quae
823 3623 862 3702 in
888 3623 1095 3727 specimine
1122 3631 1278 3718 nostro,
1310 3620 1348 3700 in
1375 3633 1547 3702 extrema
1573 3620 1693 3702 canda
1719 3643 1796 3700 non
1822 3621 2038 3726 completo,

423 3776 471 3856 ad
498 3773 549 3856 32
575 3789 841 3878 numerantur3
873 3779 973 3858 inter
1000 3779 1082 3857 illas
1112 3797 1203 3858 vero
1231 3776 1509 3883 distinguuntur
1536 3775 1561 3856 'l
1589 3779 1763 3876 collares,
1793 3777 1840 3856 nt
1872 3779 2042 3858 dorsolcr

422 3930 555 4010 stricte
582 3929 728 4028 dictae,
763 3929 781 4010 l
812 3931 1014 4028 lumbaris,
1044 3943 1084 4012 et
1110 3933 1137 4012 2
1164 3934 1349 4012 romulos.

478 4093 579 4174 Colli
602 4093 866 4177 vertebrarum
893 4093 1101 4200 praecipue
1123 4093 1319 4201 primast
1346 4097 1511 4174 secundo
1537 4097 1586 4175 ab
1613 4095 1900 4202 insequentibus
1921 4095 2041 4178 lorma

423 4249 617 4360 recedunt,
647 4261 688 4328 at
713 4262 826 4328 secta
852 4261 892 4329 et
919 4249 1076 4356 septima
1101 4247 1181 4352 jam
1207 4249 1374 4328 costsdas
1394 4262 1552 4354 gerunt3
1583 4251 1648 4330 illa
1667 4253 1773 4356 prior
1791 4254 1939 4334 scilicet
1957 4255 2039 4336 sive

423 4401 523 4480 atlas
552 4396 670 4506 (Tab.
688 4397 800 4482 Vlll.
831 4399 896 4507 fip.
923 4399 957 4482 l.
988 4425 1011 4480 a
1038 4400 1192 4481 sinistro
1221 4401 1357 4498 latere,
1386 4400 1450 4507 fip.
1472 4403 1510 4480 2.
1540 4401 1589 4485 ab
1607 4403 1814 4502 anteriore,
1842 4405 1906 4512 fip.
1929 4404 1967 4486 3.
1989 4406 2038 4485 ab

341 4519 347 4530 ¹
424 4547 629 4648 inferiore,
669 4559 710 4630 et
742 4547 806 4656 fip.
838 4548 876 4628 l.
916 4548 1209 4658 apostoriore)
1247 4550 1511 4632 subannularis
1547 4562 1629 4652 est,
1666 4578 1850 4659 processu
1883 4555 2039 4660 spinoso

422 4711 626 4808 destituta,
665 4712 790 4794 medio
826 4711 950 4792 canali
976 4710 1183 4792 vertebrali
1219 4711 1465 4832 transversim
1500 4713 1690 4818 dirempto
1727 4727 1839 4820 septo
1876 4717 2040 4825 quodam

421 4868 597 4948 tendineo
635 4867 833 4966 notabili,
858 4891 933 4973 quo
968 4865 1147 4972 superior
1183 4865 1289 4968 alter¹
1315 4891 1388 4972 pro
1423 4867 1588 4948 medulla
1621 4866 1758 4970 spinuli
1792 4867 2036 4972 excipienda,

423 5037 463 5106 et
490 5029 588 5106 alter
614 5024 774 5106 inlerior
800 5024 1014 5122 enascitur,
1053 5047 1124 5128 pro
1151 5022 1354 5104 condendis
1382 5049 1405 5102 a
1431 5022 1672 5128 posteriorc,
1709 5047 1895 5126 processu
1922 5025 2040 5104 odon·

426 5177 555 5256 toideo
584 5173 664 5282 (ἧς.
696 5172 754 5282 5.)
783 5175 1016 5280 insequentis
1036 5173 1239 5256 vertebrae
1267 5173 1486 5274 crassioris,
1516 5185 1557 5256 et
1583 5175 1744 5280 condplo
1772 5155 1966 5281 occipitali
1993 5180 2043 5259 ab

423 5330 630 5412 anteriore.
669 5329 715 5408 ln
750 5352 930 5432 suprema
964 5339 1075 5434 parte
1111 5355 1221 5410 arcus
1249 5329 1456 5438 utriusque
1487 5330 1627 5438 ibidem
1657 5332 1866 5438 paullrdum
1888 5333 2041 5442 ‘hiantis

342 5497 361 5518 ’“
424 5490 467 5600 (l.
484 5517 518 5571 c.
534 5492 599 5598 ἧς.
616 5488 675 5599 2.)
695 5490 887 5608 anteriora
901 5515 1031 5572 versus
1050 5500 1090 5571 et
1108 5489 1327 5596 posteriora
1345 5490 1470 5596 prima
1487 5492 1699 5576 rudimenta
1716 5493 1852 5600 exigna
1866 5495 2039 5602 apophy-

402 5606 521 5726 ‘sium
547 5669 618 5726 seu
652 5667 900 5750 processuum
936 5643 1196 5726 articularium
1225 5645 1284 5753 -(l.
1314 5672 1350 5726 c.
1377 5645 1442 5754 fipa
1458 5665 1459 5669 ‘
1477 5645 1532 5756 1.)
1566 5658 1866 5756 cognoscuntur,
1905 5647 2041 5756 quibus

423 5801 519 5880 atlas
545 5823 632 5878 cum
658 5799 849 5904 superiori
876 5799 974 5880 ossis
1003 5801 1178 5908 occipitis
1205 5801 1323 5907 parti,
1355 5813 1436 5882 tum
1461 5801 1644 5884 anterio'ri
1671 5803 1869 5908 processui
1900 5805 2040 5884 articu-

423 5959 515 6038 laris
551 5981 667 6060 areos
704 5958 886 6040 incumbit
923 5959 976 6068 (l.
1007 5987 1041 6041 c.
1080 5962 1145 6069 ἧς.
1186 5958 1286 6068 5.),
1336 5962 1499 6070 ideoque
1543 5961 1659 6044 etiam
1704 5961 1789 6067 ipse
1832 5963 2039 6068 marginem

423 6119 621 6225 utriusque
648 6145 758 6201 arcus
785 6121 975 6226 posticum
1003 6123 1079 6202 late
1106 6122 1276 6202 excisum
1302 6123 1355 6200 ibi
1382 6121 1508 6202 offert.
1539 6120 1572 6202 E
1598 6122 1723 6202 media
1749 6123 1910 6230 denique
1929 6137 2040 6228 parte

425 6277 606 6360 interiore
641 6279 815 6384 corporis
844 6279 1066 6361 vertebralis
1095 6281 1250 6388 exiguus
1279 6305 1484 6386 processus
1512 6284 1688 6390 spinosus
1715 6287 1892 6366 deorsum
1920 6285 2041 6365 lertur

425 6435 468 6542 (l.
490 6461 524 6514 c.
544 6434 609 6544 fip.
635 6429 690 6540 1.)
719 6446 913 6542 totamque
931 6435 1012 6517 lere
1039 6436 1122 6542 ejus
1150 6439 1387 6521 latitudinem
1415 6450 1531 6523 tenet.
1563 6441 1608 6520 ln
1634 6443 1775 6524 ceteris
1802 6443 1973 6524 anterior
1999 6457 2039 6524 et

561 6614 733 6676 nicanum
751 6620 841 6677 Faun.
861 6640 938 6698 casp.
957 6641 1035 6681 caus.
1869 6631 1900 6682 ¹⁶
