5582 7752
1422 891 1476 910 ..
1529 846 1581 928 32
1631 891 1685 908 ..

749 1031 883 1112 simam
902 1028 963 1140 (*).
993 1073 1046 1092 -
1075 1027 1168 1112 θυῖε
1195 1053 1345 1138 qnoque
1363 1031 1499 1138 Arpcli
1513 1031 1615 1112 Poll.
1638 1031 1678 1112 in
1705 1031 1910 1114 ustiirtensi
1936 1031 2026 1140 jugo
2054 1031 2248 1116 orientalis
2267 1059 2358 1114 orae

749 1197 900 1302 caspiae
927 1194 1069 1274 adesse·
1089 1193 1241 1274 dicitur.

800 1377 833 1459 E
863 1377 1024 1460 Camelis
1057 1389 1219 1488 utraque
1252 1381 1425 1486 species,
1468 1377 1514 1464 C.
1546 1380 1766 1460 bactrianus
1799 1405 1920 1488 aeque
1956 1407 2000 1461 ac
2028 1383 2284 1464 dromedarius
2321 1385 2358 1478 in

671 1645 677 1656 ⁶
747 1547 952 1652 provinciis
979 1545 1161 1634 caucasiis
1188 1545 1441 1628 enutriuntur.

800 1739 930 1822 Missis
956 1737 1034 1844 jam
1061 1735 1190 1836 hisce,
1220 1735 1390 1817 bacillum
1406 1760 1523 1842 pecus
1542 1735 1581 1814 in
1598 1733 1931 1840 caspio-caucasiis
1950 1733 2142 1840 reperitur
2159 1731 2357 1838 speciebus

748 1891 1028 2000 compluribns3
1058 1887 1184 1970 bubali
1207 1889 1355 1970 scilicet
1382 1889 1420 1966 in
1447 1887 1641 1994 plerisque
1659 1885 1828 1984 Iberiae,
1858 1883 2080 1984 Imeretiae,
2110 1885 2355 1992 Mingreliae,

749 2041 1006 2148 Albaniaeque
1032 2039 1172 2119 veteris
1199 2037 1318 2137 locis,
1357 2037 1466 2119 laetis
1494 2062 1631 2136 cause,
1661 2035 1924 2136 enutriuntnr3
1960 2061 2046 2114 nam
2072 2033 2246 2115 eximiam
2274 2035 2356 2140 ejus

747 2197 897 2302 copiam
915 2197 1028 2303 idque
1046 2193 1271 2300 pinguedine
1288 2193 1533 2299 conspicuam
1550 2193 1756 2298 praebent3
1776 2202 1979 2297 praeterea
1996 2191 2170 2270 curribus
2189 2215 2354 2298 proque,

685 2351 697 2382 ·'
747 2371 818 2451 per
842 2345 973 2453 jugum
998 2343 1213 2426 sancasium
1239 2309 1441 2442 vehendis,
1481 2342 1727 2450 adjugantur,
1752 2341 1897 2422 'locro
1931 2343 2049 2422 multo
2083 2341 2285 2423 validiores
2318 2354 2358 2424 et

746 2495 1068 2614 praestantiores,
1097 2494 1183 2574 inde
1210 2517 1360 2600 qaoque
1387 2493 1546 2574 armenti
1573 2492 1717 2574 vectitii
1745 2493 1831 2573 loco
1858 2493 2025 2572 veniunt.
2055 2493 2222 2600 Ungulae
2240 2493 2358 2573 buba-

747 2651 846 2732 linae
879 2652 999 2731 multo
1036 2650 1218 2748 latiores,
1257 2674 1370 2757 qnam
1406 2650 1593 2748 bovillae,
1633 2649 1681 2730 ad
1712 2649 1787 2728 llri
1820 2649 1904 2728 illas
1940 2649 2146 2748 accedunt3
2188 2661 2357 2730 cetorum
2406 2611 2409 2620 Ι

633 2915 637 2922 ¹
746 2807 874 2886 omnia
900 2831 989 2886 ossa
1014 2805 1182 2884 vastiora
1209 2815 1250 2884 et
1276 2805 1516 2901 robustiora,
1546 2815 1589 2883 ut
1616 2805 1655 2884 in
1676 2804 1778 2904 Urn;
1808 2805 1867 2884 lac
1892 2829 1969 2884 non
1996 2817 2139 2884 tantum
2166 2807 2353 2910 pinguius,

746 2957 814 3039 sed
840 2956 986 3062 majore
1013 2979 1164 3062 qnoque
1191 2955 1425 3060 quantitate,
1455 2981 1567 3062 quam
1595 2979 1730 3036 vaccae
1757 2955 2013 3060 suppeditant.

798 3173 913 3254 Roois
942 3156 1046 3252 teari
1069 3147 1231 3250 varietas
1259 3169 1458 3274 singularis
1471 3227 1481 3266 ,
1520 3165 1645 3246 minor
1672 3167 1786 3246 solito
1813 3179 1854 3248 et
1879 3167 2059 3274 gibboso,
2099 3170 2137 3248 in
2163 3167 2356 3251 Lenlrora·

746 3326 853 3409 nensi
879 3333 1005 3405 exstat
1030 3321 1248 3428 provincia,
1289 3321 1521 3428 longioribus
1550 3332 1676 3402 tamen
1701 3321 1903 3420 cornibus,
1942 3323 2077 3428 quibus
2111 3325 2158 3404 ad
2187 3311 2355 3406 fossilem

710 3539 716 3552 -
744 3486 934 3592 speciem,
966 3482 1349 3588 acaspio-caucasiis
1377 3481 1490 3586 plane
1517 3480 1698 3577 alienam,
1729 3481 2003 3586 quodammodo
2030 3483 2188 3562 accedit.

796 3663 1086 3748 Memorabilior
1112 3687 1203 3743 vero
1231 3674 1293 3744 est
1319 3661 1398 3741 Bos
1422 3662 1522 3740 llras
1548 3660 1617 3754 L„
1648 3659 1713 3766 qui
1740 3659 1778 3738 in
1805 3661 1888 3739 sola
1915 3657 2110 3768 hucusque
2137 3663 2244 3770 sylva
2269 3663 2356 3742 Bia-

745 3793 983 3926 lowiczensi,
1013 3827 1162 3931 pridem
1186 3837 1312 3904 tamen
1334 3825 1373 3902 in
1387 3822 1582 3904 Moldavia
1604 3819 1910 3928 (Tauroscythia)
1930 3821 1991 3930 (¹)
2021 3824 2177 3920 obvius,
2209 3825 2246 3902 in
2269 3851 2355 3931 sep-

745 3983 963 4063 tentrionali
984 3980 1199 4060 declivitate
1220 3979 1371 4092 sylvosa
1393 3974 1551 4055 Caucasi
1572 3975 1673 4080 degit
1685 4035 1695 4073 ,
1722 3985 1834 4056 antea
1880 3977 1927 4056 ad
1947 3977 2098 4056 llnvinm
2111 3977 2266 4078 Babuls,
2291 3983 2355 4088 qni

743 4143 943 4226 Terekium
978 4141 1099 4247 petit,
1138 4139 1177 4219 in
1205 4137 1550 4220 Tsoherkessorum
1585 4138 1769 4218 montosis
1805 4150 1845 4218 et
1880 4139 2097 4243 paludosis,
2136 4170 2232 4224 nnnc
2265 4172 2355 4227 vero

743 4303 871 4409 potius
898 4298 945 4380 ad
963 4297 1068 4402 Urup
1087 4323 1257 4393 amnem,
1279 4323 1366 4377 cum
1382 4293 1536 4418 Cubano
1554 4295 1819 4393 confluentem,
1832 4321 1950 4404 porro
1962 4297 1999 4376 in
2016 4297 2192 4382 districtu
2209 4301 2355 4383 Zaadan

743 4463 1004 4544 Abohasorum
1030 4460 1200 4562 estirpe
1218 4455 1388 4552 Psenhs‚
1419 4457 1485 4534 ubi
1512 4479 1662 4561 proque
1689 4453 1820 4534 nostra
1846 4455 2068 4537 memoria'a
2086 4457 2353 4580 Tscherlressis

743 4632 783 4700 et
810 4617 995 4699 Abchasis
1016 4615 1108 4724 (”*)
1137 4613 1295 4696 Dombel
1318 4615 1399 4694 sive
1426 4613 1587 4720 Adompe
1614 4611 1764 4692 nomine
1792 4623 1950 4691 venatur
1969 4612 2089 4720 (****).

560 4797 565 4814 “
675 4779 678 4784 ’
800 4799 899 4877 lsras
937 4793 1052 4905 (rubr
1078 4795 1331 4904 Polonornm)
1366 4821 1440 4875 non
1475 4791 1757 4874 confundendus
1792 4806 1852 4874 est
1885 4819 1971 4874 cunr
1998 4793 2100 4873 nove
2127 4793 2351 4910 primigenio

783 5237 826 5333 (¹)
847 5237 888 5304 V.
912 5241 1058 5305 dehisce
1081 5241 1203 5308 Pallas
1225 5239 1399 5330 Zoograph.
1423 5247 1635 5312 rosso-asiel.
1660 5244 1749 5310 Tem.
1774 5241 1803 5308 Ι.
1827 5175 1898 5328 pag.
1923 5237 2002 5307 234.

783 5411 840 5506 (‘*)
869 5410 909 5481 V.
940 5413 1073 5496 disquis.
1105 5435 1202 5477 meam
1232 5417 1270 5478 de
1299 5413 1395 5480 ossib.
1427 5415 1526 5480 lossii.
1561 5369 1706 5478 Litbuan.
1741 5414 1773 5477 in
1803 5408 1884 5478 Nov.
1918 5410 1989 5478 Act.
2021 5409 2094 5478 Nat.
2120 5409 2231 5479 Curios
2257 5419 2294 5480 .l.
2319 5443 2349 5482 c.

739 5523 826 5592 Tom.
851 5547 933 5589 xvn.
958 5533 1038 5609 part.
1064 5546 1102 5586 ιι.
1162 5589 1165 5596 ,

782 5680 852 5775 (m)
877 5684 922 5751 De
944 5659 1157 5751 Ababasorum
1180 5695 1292 5750 venatu
1317 5707 1349 5748 v.
1372 5687 1433 5751 cel.
1458 5681 1675 5761 Nordmcnn,
1702 5689 1779 5752 tiber
1793 5689 1846 5751 das
1861 5679 2068 5749 Vorkommen
2082 5687 2136 5750 des
2152 5683 2350 5753 Anerocbsen

739 5799 783 5866 im
804 5798 988 5887 Kaukasos,
1016 5803 1098 5870 Bull.
1123 5803 1234 5870 soient.
1258 5805 1282 5868 l.
1306 5826 1338 5868 c.
1362 5825 1432 5888 pag.
1457 5799 1604 5883 305,‘es
1626 5798 1719 5870 Anat.
1745 5798 1923 5890 Demidoff
1939 5799 2065 5893 Voyage
2086 5777 2164 5870 dans
2189 5805 2218 5868 la
2240 5802 2351 5872 Russie

738 5909 947 5976 meridianae.
971 5911 1058 5980 Paris
1083 5909 1186 5997 1839,
1212 5935 1282 6000 pag.
1307 5907 1364 5976 59.

778 6077 864 6174 (Μ’)
887 6077 926 6144 V.
945 6075 1070 6165 Zoolog.
1088 6086 1214 6168 special.
1233 6109 1271 6150 ιιι
1287 6087 1349 6151 vol.
1367 6105 1435 6170 pag.
1454 6080 1548 6148 342-
1559 6081 1596 6164 3,
1621 6083 1676 6147 ubi
1693 6103 1818 6166 qnoque
1834 6085 2016 6148 mentionem
2032 6081 2212 6171 injecimus,
2230 6083 2348 6166 Iberos,

736 6210 871 6264 veterum
891 6194 1235 6284 Germanornmmore,
1267 6225 1285 6267 c
1311 6203 1458 6270 cornibus
1484 6203 1611 6287 pocula,
1641 6211 1766 6284 argento
1793 6203 1944 6280 obducta,
1979 6201 2039 6266 sibi
2063 6202 2235 6276 conficere;
2269 6203 2349 6265 idem

739 6327 840 6382 namet
862 6320 922 6382 cel.
941 6311 1175 6418 Nordmannus
1198 6315 1346 6409 (Bulletin
1369 6319 1563 6402 scientifique
1583 6321 1622 6384 de
1644 6315 1764 6384 l’Acad.
1782 6321 1820 6384 de
1835 6312 2038 6384 St.-Petersb.
2056 6316 2093 6385 T.
2112 6343 2164 6384 ιιι.
2182 6339 2250 6400 pag.
2269 6315 2350 6406 305)

736 6429 774 6494 de
796 6423 948 6492 Abchasis
969 6438 998 6493 et
1023 6425 1206 6510 Mingreliis.
2211 6459 2215 6469 .
