5524 7750
970 881 1434 984 ”-111,-,

418 1071 622 1154 teo-teo
654 1080 753 1150 scut.
791 1069 878 1150 abd.
915 1079 956 1150 ot
989 1065 1146 1150 63-76
1173 1079 1273 1150 scut„
1303 1066 1512 1164 subaud,
1552 1067 1592 1148 iu
1623 1065 1799 1150 tussiaco
1829 1061 2032 1147 ile-let

415 1242 512 1312 scut.
552 1229 641 1310 abd.
678 1240 720 1309 et
754 1225 909 1308 ffi-'l'l
946 1238 1045 1308 sau.
1084 1224 1267 1308 subeam.
1307 1224 1439 1304 Fried.
1484 1223 1574 1306 Rois
1607 1220 1803 1306 contudit
1836 1223 2035 1306 murum

419 1386 656 1470 Carouellam
689 1385 901 1464 tesselatum
936 1407 1022 1463 cnm
1052 1380 1135 1463 Col.
1167 1378 1334 1464 llieeioli
1355 1379 1507 1464 Metam.
1537 1404 1570 1458 s.
1603 1378 1638 1458 Z
1640 1379 1773 1460 aclolu
1797 1378 2037 1462 mannus·

416 1533 549 1639 atu„
585 1543 653 1650 qni
677 1543 777 1628 ἰάοηι
793 1552 864 1644 ,θεῖ
890 1563 977 1625 oum
1007 1535 1091 1624 cu.
1120 1533 1362 1620 meridionali
1387 1535 1543 1634 Daud,
1580 1535 1622 1616 in
1646 1557 1723 1639 quo
1750 1545 1876 1640 umen
1901 1559 2033 1621 errore

417 1697 691 1804 typographico
718 1706 913 1777 scutorum
939 1719 1117 1776 numerus
1148 1693 1223 1774 118
1249 1693 1336 1774 loeo
1367 1691 1441 1774 tet
1468 1692 1656 1798 leguntur.
1789 1779 1793 1789 Δ

476 1880 634 1989 Tropid
663 1881 832 1990 lpdrou,
871 1879 1109 1988 reliquorum
1140 1829 1376 1984 serpentium
1412 1876 1557 1976 instar,
1593 1874 1699 1960 varin
1724 1887 1852 1960 aetate
1878 1875 2033 1960 nimium

419 2071 530 2153 quam
557 2045 679 2125 variat
706 2043 868 2154 ideoque
894 2044 1011 2126 etiam
1037 2041 1180 2148 passim
1208 2041 1303 2122 tales
1331 2040 1560 2140 varietates,
1599 2039 1649 2122 ab
1683 2049 1812 2126 uun
1838 2039 1943 2124 uaria
1968 2041 2035 2123 de·
2199 2025 2201 2032 ’

418 2201 635 2299 ducendae,
672 2225 745 2309 pre
773 2199 887 2284 variis
923 2197 1238 2282 describebantur
1264 2195 1492 2301 speciebus;
1529 2207 1570 2278 at
1606 2219 1740 2278 omues
1764 2193 1884 2302 nuris
1910 2198 2034 2278 trrmci

418 2363 576 2446 maculis
603 2362 643 2446 in
669 2361 878 2470 quincunce
905 2361 1102 2466 dispositis
1129 2384 1199 2446 uec
1224 2383 1300 2446 noa
1324 2357 1525 2441 ebdomme
1542 2359 1631 2442 alba
1649 2357 1836 2467 nigraque
1852 2361 2034 2446 tesselntu

252 2649 257 2658 ι
419 2524 521 2606 lucili
548 2525 702 2632 negotio
728 2534 1025 2630 cognoscuntur..
1056 2523 1149 2630 Ipse
1181 2521 1358 2630 equidem
1389 2519 1566 2624 jmiores
1590 2520 1750 2628 Hydas
1775 2523 1878 2605 Poll.
1916 2549 2036 2631 quau·

419 2675 506 2756 dam
532 2674 721 2756 nominavi
754 2674 870 2784 Trop.
901 2675 1080 2783 pracilem
1106 2684 1147 2756 et
1178 2672 1295 2780 Trop.
1332 2671 1544 2751 Tantalum.
1568 2668 1614 2780 (*)
1642 2669 1768 2777 Hujus
1790 2697 1943 2782 quoqne
1961 2675 2035 2755 loci

418 2859 504 2914 esse
532 2834 681 2914 videtur
710 2831 793 2914 Col.
823 2833 1044 2915 reticulatus
1071 2829 1205 2928 utu,
1235 2855 1312 2910 non
1329 2827 1469 2928 Mem,
1491 2855 1604 2937 qnam
1621 2855 1713 2912 vero
1732 2832 1900 2936 speciem
1915 2857 2038 2939 neque
2116 2837 2118 2852 '

420 3016 464 3069 ac
496 2989 579 3072 Col.
611 2989 836 3098 liuverqieri
860 2988 964 3092 Meu
995 2989 1134 3072 vidisse
1162 2987 1254 3069 mihi
1282 3011 1357 3066 nou
1384 2985 1564 3091 contigit„

557 3517 948 3604 mormouocus
975 3517 1335 3624 stabamus,
1365 3523 1412 3606 N.
1443 3520 1534 3604 Tm.
1566 3545 1651 3602 xxv.
1682 3519 1763 3605 Fra.
1798 3518 1831 3597 1.
1862 3520 1900 3602 2.

807 3871 969 3953 Coluder
990 3871 1209 3980 ootieputus
1236 3875 1279 3956 L.

806 4033 938 4114 cunt.
962 4033 1091 4142 pietus
1121 4033 1270 4118 Giildst.

806 4191 968 4273 Comler
993 4191 1244 4273 Saurosoates
1269 4194 1373 4276 Poll.

804 4346 952 4456 Eluple
979 4347 1185 4456 Pompeii
1208 4349 1315 4430 Fau
1345 4349 1448 4434 Mus.
1485 4347 1640 4432 Vindol.

480 4731 602 4838 Supra
629 4757 652 4812 e
681 4701 1017 4837 busco-nigricans,
1047 4729 1408 4814 flavescenti-citrea
1436 4731 1610 4830 serimus,
1641 4729 1775 4814 subtus
1803 4729 1933 4812 flavus.

478 4919 580 5002 Hah.
610 4919 777 5000 inomni
806 4917 888 5002 iere
914 4917 1109 5020 Cnuonso,
1137 4933 1179 5004 et
1205 4923 1253 5004 ad
1279 4921 1419 5004 limites
1448 4919 1638 5020 turoieos,
1667 4943 1791 5026 prope
1809 4920 1971 5021 Zalkeu,
2003 4921 2042 5004 in

426 5072 582 5152 summis
609 5070 821 5170 montibus,
851 5071 968 5152 etiam
995 5070 1231 5180 frequentior
1257 5073 1296 5154 iu
1323 5073 1469 5154 taurica
1486 5069 1723 5154 Chersoneso
1751 5082 1792 5152 et
1818 5073 1857 5152 in
1883 5075 2043 5160 australi
2201 5085 2207 5096 '

426 5228 581 5310 Rossin.

482 5401 677 5509 Squnmae
695 5399 868 5482 dorsales
895 5399 1084 5506 majores,
1128 5401 1280 5502 eomes,
1322 5403 1373 5484 ub
1409 5401 1576 5486 invicem
1606 5401 1926 5509 remotiusculee,
1969 5428 2044 5486 non

428 5556 679 5654 imbricatae,
708 5553 834 5637 medio
861 5553 978 5634 dorso
1004 5553 1218 5655 carinatas,
1247 5556 1343 5638 ssavo
1370 5556 1514 5636 ambitu
1526 5617 1538 5657 ,
1567 5568 1608 5637 nt
1624 5557 1750 5641 medio
1767 5583 1919 5665 semper
1937 5554 2044 5640 buco

281 5695 284 5702 ⁴
428 5725 665 5822 propterque
691 5709 761 5794 bns
789 5737 966 5820 squamas
993 5711 1319 5820 longitudiunliter
1344 5713 1548 5822 dispositas
1570 5737 1710 5820 corpus
1735 5711 1824 5794 binc
1850 5712 1936 5796 inde
1963 5715 2045 5795 lon-

428 5879 688 5988 gitndinnliter
715 5876 1067 5979 buco-lasciuum,
1106 5885 1310 5990 utrumqne
1349 5882 1526 5990 corporis
1562 5883 1661 5962 lotus
1697 5879 1857 5962 lucidius
1884 5881 2042 5982 aarum,

431 6035 584 6120 infimae
611 6005 984 6145 luterum-squamae
1009 6041 1151 6140 laeves,
1180 6039 1365 6146 majores,
1395 6041 1552 6122 latiores
1571 6063 1641 6120 nec
1658 6038 1877 6141 carinatae3
1905 6063 2045 6146 corpus

430 6202 573 6307 passim
599 6227 764 6308 superne
791 6201 1039 6289 transversim
1064 6201 1412 6302 lusco-lasciuum,
1435 6202 1698 6308 vlucidioribus
1734 6203 1891 6286 maculis
1924 6205 2047 6330 luten-

473 6553 516 6644 (²)
538 6553 579 6621 V.
603 6558 641 6620 de
663 6553 725 6620 his.
751 6551 878 6639 Zooloq.
902 6552 1030 6642 special.
1056 6565 1131 6623 lom.
1155 6577 1208 6620 ru.
1234 6577 1304 6640 pag.
1334 6549 1407 6620 173.
