5648 7752
1138 907 1399 994 ...³5-

424 1065 428 1074 ⁵
519 1107 729 1216 longitudo
755 1101 910 1186 ossiculi
935 1116 977 1184 ct
1005 1095 1163 1185 latitudo
1191 1103 1230 1182 in
1257 1102 1391 1183 codem
1417 1099 1532 1181 οιίεωι
1558 1099 1689 1180 cronio
1706 1097 1852 1182 variam
1869 1101 1990 1202 solot;
2018 1105 2075 1184 sic

468 1261 506 1340 in
531 1259 683 1358 cronio,
713 1259 818 1366 quod
841 1255 1026 1338 delineari
1050 1254 1180 1336 naresi
1205 1251 1298 1334 rat.
1327 1252 1380 1332 ll.
1412 1252 1499 1358 riq.
1530 1251 1589 1356 1.,
1618 1249 1734 1330 maris
1761 1251 1880 1332 adulti
1903 1254 2077 1336 dextram

469 1417 562 1498 illud
593 1417 640 1498 10
668 1417 734 1498 liu.
765 1441 875 1521 pan,
906 1415 1099 1494 sinistrm
1127 1411 1277 1492 vixdum
1303 1410 1328 1492 8
1355 1409 1421 1490 lin.
1452 1435 1534 1518 par.
1575 1411 1725 1516 longum
1760 1421 1843 1508 θοις
1881 1412 2076 1496 crassitios

468 1595 619 1681 quoque
646 1585 686 1655 et
714 1572 873 1654 latitudo
901 1571 939 1650 iu
956 1579 1120 1677 ntmqne
1139 1569 1260 1650 latero
1277 1567 1396 1649 cranii
1413 1567 1587 1667 dirersa;
1615 1567 1808 1648 ainistmm
1826 1567 1927 1648 enim
1942 1585 2077 1674 pamm

469 1732 583 1814 latins
609 1743 670 1816 est
696 1745 736 1815 et
761 1730 945 1828 crassius,
975 1730 1023 1810 ed
1049 1728 1075 1808 7
1101 1729 1168 1809 lin.
1197 1751 1368 1808 crassum
1394 1736 1437 1808 et
1452 1724 1477 1806 l
1495 1727 1561 1806 liu.
1593 1701 1730 1822 latum,
1760 1749 1836 1804 uon
1857 1736 2076 1831 computata

469 1884 658 1982 rudicula,
688 1902 762 1989 qua
788 1881 880 1962 illud
906 1891 1063 1962 suturae
1089 1880 1287 1988 utriusque
1314 1879 1411 1960 ossis
1439 1877 1746 1960 intermaxillaris
1771 1887 1812 1958 ct
1829 1879 2078 1984 snpramaxil-

469 2042 560 2122 laris
579 2039 874 2140 intromittitur,
905 2041 1078 2121 dextrum
1104 2039 1314 2146 paullulum
1339 2037 1461 2120 mium
1489 2049 1563 2119 est.
1594 2037 1640 2118 ln
1666 2037 1789 2118 altero
1815 2036 1929 2118 etiam
1946 2041 2077 2121 orauio

468 2227 590 2308 eoque
608 2203 799 2301 masculo,
820 2201 997 2283 mollibus
1016 2203 1227 2284 adhucdum
1244 2203 1418 2308 partibus
1437 2193 1610 2282 omnibus
1628 2202 1727 2284 bene
1745 2203 1929 2300 servatis,
1953 2204 2076 2284 deutri

467 2382 620 2465 quoque
654 2359 785 2441 latoris
826 2361 1031 2442 ossiculum
1058 2361 1180 2440 minus
1207 2372 1269 2442 est
1294 2359 1493 2467 minusque
1520 2357 1674 2443 sortiter
1699 2376 1834 2440 osseae
1863 2357 1994 2442 foveae
2021 2368 2077 2442 im

466 2515 612 2594 cambit
628 2515 807 2616 sinistro,
838 2517 938 2624 qnod
955 2516 1079 2622 majus
1098 2525 1157 2599 ost
1175 2527 1216 2599 et
1233 2513 1418 2598 immobili
1435 2516 1612 2622 junctura
1628 2519 1795 2596 nohtur.
1826 2513 1933 2612 Quae
1950 2517 2077 2599 omnia

467 2683 511 2752 ut
537 2673 671 2754 melius
698 2674 956 2773 illustrentur,
987 2701 1162 2756 seorsum
1189 2675 1377 2756 delineata
1403 2675 1524 2756 habes
1550 2675 1589 2754 in
1622 2673 1717 2754 Ταῦ.
1747 2673 1810 2772 ll,
1840 2675 1906 2754 ubi
1933 2676 2078 2757 ossicu-

468 2825 546 2906 lum
570 2827 695 2908 dcrtri
713 2829 845 2908 lateris
872 2855 897 2910 a
923 2827 1019 2910 facio
1047 2840 1203 2910 externa
1230 2831 1352 2912 minus
1380 2832 1456 2910 lata
1476 2827 1580 2940 (atq.
1603 2829 1642 2909 l.
1673 2829 1712 2908 h.
1742 2826 1822 2936 c),
1852 2827 1902 2908 ah
1928 2828 2077 2912 laterna

375 3031 379 3038 ·
467 2984 554 3066 dein
582 2983 694 3093 (riq.
725 2984 764 3065 5.
794 3007 830 3066 a.
860 2985 899 3066 b.
930 2985 995 3096 c.)
1022 2987 1141 3068 multo
1169 2988 1307 3070 latiore
1334 3001 1374 3072 et
1401 3013 1424 3070 a
1449 2987 1535 3070 basi
1568 2988 1739 3070 acutiore
1769 2986 1881 3097 (Εἰς.
1913 2988 1980 3097 6.)
2007 3015 2077 3072 noc

467 3153 738 3236 consistere
765 3145 902 3236 baseos
932 3147 1037 3264 (Feb.
1069 3149 1107 3236 l.
1138 3155 1175 3235 d.
1204 3181 1239 3236 a.
1262 3153 1318 3264 e.)
1346 3154 1562 3262 conspicls;
1589 3153 1747 3260 insopor
1766 3153 1853 3261 liip.
1876 3153 1914 3235 3.
1935 3165 2078 3236 utnnn-

467 3329 542 3415 quc
568 3331 613 3388 os
640 3306 933 3392 intermarillare
961 3307 1070 3418 (ibid.
1100 3308 1157 3418 ι.)
1183 3321 1224 3391 ct
1250 3309 1562 3416 mpramarillam
1591 3305 1699 3416 (ibid.
1721 3306 1794 3414 a),
1823 3308 1977 3415 dempto
2005 3308 2078 3392 hoc

467 3469 655 3570 ossiculo,
686 3491 814 3553 secum
841 3472 1000 3554 invicem
1027 3471 1229 3553 connivens
1257 3467 1436 3554 ostendit.
1467 3471 1525 3552 hd
1552 3470 1650 3552 hanc
1676 3471 1805 3578 itaque
1831 3483 2002 3552 suturam
2028 3473 2078 3554 ab

467 3629 753 3710 intermaxillari
780 3656 868 3712 osse
897 3629 1005 3740 (ibid.
1028 3627 1082 3739 c.)
1111 3631 1209 3712 latus
1237 3629 1432 3712 adscendit
1457 3650 1688 3736 processus,
1714 3629 1779 3736 qni
1805 3627 1993 3735 profundo
2020 3629 2078 3711 io·

468 3785 602 3866 remini
630 3785 678 3894 (e.
710 3786 799 3893 Fiq.
821 3781 878 3894 6.)
907 3787 1045 3868 baseos
1073 3783 1227 3868 ossiculi
1255 3787 1516 3886 intromissae,
1544 3787 1687 3868 hancce
1713 3787 1768 3867 ita
1793 3785 1955 3870 firmiter
1980 3785 2073 3897 figit,

466 3951 510 4019 ut
543 3963 619 4022 nou
653 3939 727 4018 nisi
763 3939 799 4018 vi
833 3939 961 4046 aliqua
986 3939 1158 4020 adhiblta
1193 3939 1398 4020 ossiculum
1434 3938 1560 4046 ipsum
1591 3965 1616 4020 a
1642 3955 1827 4046 processu
1852 3953 2075 4048 separetur3

466 4100 565 4180 alter
592 4124 743 4207 quoque
770 4123 994 4204 processus,
1024 4124 1047 4180 e
1073 4099 1157 4180 basi
1184 4095 1339 4180 ossiculi
1368 4097 1422 4208 (d.
1452 4098 1541 4204 atq.
1562 4097 1601 4178 d.
1623 4095 1662 4177 5.
1684 4095 1743 4204 6.)
1762 4109 1895 4199 ortus,
1922 4114 2078 4188 suturae

467 4283 630 4356 osseae,
660 4257 857 4364 processui
885 4257 941 4336 illi
970 4255 1012 4363 (l.
1043 4281 1078 4336 c.
1111 4284 1145 4336 c.
1177 4257 1265 4363 Fip.
1288 4253 1346 4363 3.)
1374 4253 1615 4362 postpositae
1642 4254 1877 4353 immittitur,
1909 4255 2078 4340 sortiter-

467 4439 541 4524 que
568 4414 648 4521 figit
673 4415 842 4495 basalem
869 4413 1025 4496 ossiculi
1052 4425 1201 4520 partem
1228 4413 1281 4522 (d.
1312 4440 1348 4494 a.
1379 4439 1415 4494 e.
1448 4411 1535 4519 Ft'p.
1557 4409 1615 4519 l.)
1643 4412 1900 4495 absconditam
1924 4419 2076 4501 omnino

466 4583 507 4653 et
534 4571 812 4653 toraminosam.
855 4649 864 4664 ,
963 4647 966 4656 .

520 4725 749 4834 Ceteroqnin
787 4727 902 4808 silum
938 4739 998 4810 est
1025 4729 1231 4809 ossiculum
1258 4730 1344 4809 loco
1371 4753 1442 4828 eo,
1474 4749 1548 4836 quo
1576 4729 1768 4848 anteriora
1795 4757 1925 4812 versus
1953 4733 2077 4820 hiatus

381 4995 384 5004 ι
468 4915 621 4997 magnus
648 4863 878 4995 cartilaginis
906 4888 1044 4970 nasalis
1072 4889 1309 4970 terminatur.

521 5077 675 5159 Scilicet
701 5077 983 5184 cartilagineum
1010 5077 1158 5158 narium
1184 5087 1355 5181 septum,
1387 5074 1503 5184 (tat.
1526 5075 1580 5156 ΙΙ.
1603 5075 1691 5184 Ft'p.
1721 5077 1761 5157 2.
1792 5076 1838 5158 A.
1870 5079 1914 5159 B.
1943 5079 1985 5162 C.
2006 5081 2076 5192 D.)

468 5235 569 5344 quod
596 5257 788 5316 vomerem
814 5235 1032 5333 continuat,
1063 5235 1102 5314 in
1128 5233 1207 5314 Uro
1219 5293 1230 5332 ,
1260 5257 1500 5340 aequavero
1528 5233 1567 5313 in
1592 5233 1734 5314 bovillo
1762 5235 1838 5316 alio
1865 5261 1935 5320 nec
1961 5241 2077 5322 ovillo

469 5411 609 5492 pecore
621 5445 632 5485 ,
663 5383 843 5467 interiora
869 5396 910 5466 et
936 5386 1127 5468 anteriora
1154 5411 1285 5467 versus
1313 5383 1414 5466 ovali
1441 5382 1625 5466 foramine
1652 5383 1755 5485 hiat,
1786 5387 1851 5468 ubi
1868 5391 1916 5470 ad
1933 5401 2077 5472 utrum-

467 5573 541 5654 que
568 5547 652 5653 ejus
681 5549 803 5648 latus,
835 5548 926 5628 illud
953 5547 1117 5655 assurgit
1144 5547 1361 5628 ossiculum.
1392 5545 1528 5627 Hiatus
1555 5547 1717 5634 mediam
1745 5547 1825 5631 lere
1852 5563 2000 5656 partem
2020 5554 2077 5636 in-

466 5709 607 5792 cisivae
634 5697 793 5791 fissurae
820 5722 947 5810 tenet,
977 5723 1018 5792 et
1044 5711 1234 5793 subovalis
1262 5720 1342 5809 est,
1372 5721 1480 5792 recto
1509 5710 1590 5792 lere
1617 5713 1785 5820 margine
1812 5739 1928 5820 supra
1955 5717 2006 5826 (l.
2038 5749 2072 5802 c.

468 5867 558 5974 Εἰς.
579 5869 618 5948 2.
649 5869 686 5949 d.
718 5893 753 5950 e.
785 5865 857 5976 l),
887 5879 927 5949 at
953 5868 1052 5950 inira
1078 5870 1294 5970 semilunari
1322 5869 1458 5969 obvio,
1490 5867 1550 5978 (v.
1580 5871 1606 5950 l.
1637 5898 1671 5949 c.
1693 5869 1784 5977 atq.
1813 5871 1852 5952 2.
1883 5874 1920 5954 d.
1951 5899 1987 5983 g.
2020 5875 2075 5987 f.)

467 6022 568 6100 ultra
593 6045 708 6100 unum
735 6021 913 6126 pollicem
939 6023 1084 6130 longus.

519 6181 683 6264 Notatur
699 6182 786 6263 dein
803 6184 985 6290 cartilago
1011 6185 1151 6266 nasalis
1178 6185 1277 6264 binis
1296 6186 1445 6290 punctis
1464 6186 1611 6288 osseis3
1641 6213 1778 6298 nempe
1796 6190 1861 6270 uhi
1881 6216 2074 6274 vomerem

467 6339 689 6422 continuare
716 6340 875 6447 incipit,
915 6340 1109 6424 anteriora
1142 6367 1274 6424 versus
1308 6343 1543 6449 procedens,
1583 6346 1631 6427 ad
1667 6347 1920 6452 posteriorem
1947 6347 2074 6458 itaque

468 6488 595 6572 hiatus
622 6491 826 6599 marginem
853 6505 1034 6598 punctum
1051 6496 1213 6578 alterum
1231 6520 1382 6579 osseum
1399 6495 1717 6602 deprehenditur,
1748 6499 1863 6580 latum
1880 6501 2076 6607 planitiem
