5582 7752
1159 911 1213 930 ...
1268 866 1315 948 17
1368 913 1420 932 .-

483 1059 585 1144 aar
610 1057 831 1140 aenaea
857 1054 1051 1151 nomam
1076 1052 1349 1136 marana
1376 1049 1576 1150 onnam
1606 1052 1747 1134 summ
1772 1051 1928 1153 ntae,
1950 1013 2093 1141 ⁴aneta

483 1222 547 1304 lric
562 1221 672 1322 dixit,
685 1219 855 1328 Scythae
873 1218 1085 1326 iterumque
1103 1217 1257 1302 deserta
1272 1239 1359 1297 oum
1375 1215 1513 1297 belluis
1534 1241 1652 1325 usque
1670 1217 1718 1299 ad
1733 1215 1864 1325 jugum
1877 1221 2094 1306 incumbens

483 1375 605 1474 mari,
635 1371 737 1482 qnod
762 1384 900 1454 vocant
926 1369 1122 1463 'labin-2>¹
1196 1381 1199 1386 ·
2064 1435 2083 1458 ,.

534 1535 647 1636 Quod
663 1559 755 1620 vero
771 1533 902 1644 jugum
911 1591 922 1631 ,
944 1533 983 1614 ni
1000 1531 1104 1640 gravi
1122 1531 1357 1638 decipiamur
1374 1555 1522 1630 errore,
1544 1529 1807 1616 Ustiirtensem
1824 1534 1939 1618 hodie
1956 1537 2095 1624 &tem

485 1691 682 1804 planitiem
699 1693 888 1774 excelsam
912 1689 1029 1789 sistit,
1058 1688 1120 1770 cui
1138 1689 1188 1772 ab
1206 1687 1354 1770 oriente
1371 1687 1554 1770 incumbit
1572 1689 1677 1770 lacus
1696 1689 1905 1792 aratensis,
1927 1719 1951 1774 a
1967 1695 2096 1778 Plinio

485 1848 650 1934 tortasse
677 1849 790 1931 Tabis
826 1848 973 1974 dictus,
995 1846 1121 1953 ¹cujus
1148 1870 1299 1955 quoqne
1327 1845 1560 1928 exactiorem
1585 1845 1815 1928 mentionem
1841 1849 1926 1956 ipse
1952 1849 2096 1936 Strato
2233 1857 2238 1862 “
2350 1891 2352 1902 =

484 2007 584 2090 binis
626 2007 719 2088 locis
763 2003 934 2112 injecit,
963 1981 1085 2090 altero
1126 2005 1192 2086 illo
1222 2003 1311 2114 (*),
1364 2031 1440 2114 qno
1477 2003 1637 2088 eumdem
1672 2031 1776 2089 mare
1811 2010 2097 2117 septentrionale

442 2258 445 2266 ,
485 2179 574 2278 (την
597 2179 714 2280 αλλην’
732 2203 798 2280 aqu
821 2200 916 2281 προς
939 2187 1087 2280 αρκτοῖς
1109 2173 1330 2271 detersae)
1357 2167 1541 2266 nominat,
1571 2169 1696 2250 altero
1711 2168 1774 2280 (**)
1806 2197 1897 2254 vero
1916 2174 2098 2258 orientale

485 2339 576 2441 (την
590 2365 684 2444 προς
700 2333 1018 2436 Ἓωθαλασσαν)
1046 2329 1107 2428 id,
1146 2329 1222 2410 alio
1257 2328 1386 2435 itaque
1422 2351 1558 2427 sensu,
1598 2327 1714 2427 dixit,
1753 2355 1868 2437 quum
1900 2343 2096 2438 postremo

485 2483 585 2566 loco
607 2487 797 2595 scythicus
832 2497 963 2595 gentes
1000 2485 1086 2568 inde
1119 2510 1143 2565 a
1169 2482 1299 2564 littore
1326 2481 1448 2589 caspii
1474 2481 1590 2562 maris
1616 2481 1772 2564 sinistro
1800 2486 1847 2568 ad
1874 2484 1948 2568 hoc
1976 2513 2097 2596 usque

485 2665 593 2722 mare
619 2641 805 2724 orientale
832 2650 946 2750 atqne
973 2637 1120 2722 Indiam
1146 2662 1267 2744 nsque
1294 2605 1471 2716 haliitare
1497 2633 1705 2740 perhibuit.
1754 2707 1757 2710 .

538 2801 590 2884 dt
614 2826 690 2884 non
716 2803 840 2884 solum
867 2801 1011 2882 Strabo
1037 2811 1078 2882 et
1113 2797 1286 2895 Plinius,
1325 2821 1456 2878 verum
1490 2797 1607 2878 etiam
1643 2800 1727 2906 ipse
1763 2814 1876 2907 pater
1911 2803 2097 2892 historiae

486 2957 703 3042 Herodotus
729 2959 912 3044 disertam
939 2957 1052 3066 hujus
1081 2959 1185 3040 lacus
1211 2954 1441 3038 mentionem
1469 2922 1562 3038 lacit
1588 2958 1674 3038 loco
1701 2984 1772 3058 eo,
1802 2987 1879 3068 qno
1897 2962 1944 3046 de
1962 2961 2099 3048 Araxis

488 3119 584 3228 (sive
617 3120 690 3200 Oxi
726 3119 946 3229 Stratonis)
982 3119 1099 3201 alveis
1126 3116 1362 3214 numerosis,
1407 3115 1576 3198 inillam
1616 3117 1794 3222 paludem
1833 3119 2095 3226 induentibus,

487 3278 677 3387 exquisite
704 3277 871 3358 disserit.
905 3275 985 3386 (**’)
1396 3251 1402 3258 ’

538 3441 645 3542 Quae
671 3469 764 3528 vero
791 3441 988 3524 orientalis
1016 3465 1086 3522 ora
1119 3441 1224 3522 circa
1250 3440 1354 3520 sinus
1390 3439 1557 3546 majoros
1594 3440 1708 3521 aliam
1743 3445 1895 3524 omnino
1931 3448 2099 3553 speciem

488 3601 670 3706 praebet,
700 3602 844 3684 devexa
879 3599 932 3681 ihi
968 3623 1130 3681 arenosa
1164 3609 1206 3680 et
1241 3596 1465 3680 arundineta
1500 3595 1547 3677 ad
1583 3597 1681 3678 altas
1718 3599 1949 3682 adscendunt
1984 3627 2099 3710 rupes

486 3768 731 3864 praeruptas,
744 3757 921 3864 circaque
935 3755 1059 3836 sinum
1070 3752 1369 3834 Balehanensem
1381 3763 1422 3835 et
1434 3751 1915 3837 llaidacensem-innnmera
1931 3755 2097 3862 Olorem,

488 3909 778 4008 Pelccooorum,
809 3921 924 4018 atque
960 3907 1342 4016 Phoenicopterorum
1371 3906 1519 4013 agmina
1554 3915 1774 4008 versantur,
1797 3903 2101 4020 ·Plrocorumque

487 4091 619 4174 greges
646 4067 685 4147 in
711 4067 817 4149 littus
844 4079 1061 4176 evagantur.
1603 4055 1608 4064 ¹

541 4223 646 4306 llaec
664 4249 809 4306 summa
825 4223 982 4312 Caucasi
999 4225 1190 4329 marisque
1206 4222 1349 4326 caspii,
1371 4221 1444 4302 hae
1461 4223 1666 4327 precipuae
1691 4239 1845 4329 partes,
1867 4229 1940 4310 hae
1957 4231 2101 4312 formae

489 4389 696 4487 gentesque
721 4379 910 4486 partium3
938 4378 1134 4484 jamvero
1161 4387 1322 4482 propter
1349 4387 1428 4455 mm
1454 4375 1750 4459 variamterrae
1775 4382 1966 4490 marisque
1992 4397 2101 4468 natu.

490 4557 572 4614 ram
598 4534 877 4618 diversissimae
903 4558 1056 4643 quoque
1082 4531 1327 4614 animantium
1362 4530 1511 4638 specics
1547 4531 1661 4614 variis
1698 4532 1737 4613 in
1772 4533 1866 4616 locis
1907 4537 2102 4648 indigenas

490 4690 568 4773 sint
592 4719 749 4781 necesse
773 4705 856 4777 est:
886 4705 927 4776 et
944 4693 1105 4776 velutin
1122 4691 1196 4775 hoc
1213 4692 1424 4800 praecipue·
1437 4691 1627 4799 aquatile,
1647 4693 1704 4774 sio
1721 4693 1762 4772 in
1777 4694 1847 4776 illo
1864 4697 2103 4803 potissimum

491 4865 674 4940 terrestre
699 4885 816 4968 genus
843 4858 1044 4942 excolitrn.
1122 4879 1127 4896 ·

543 4996 700 5100 Grandis
728 5029 854 5102 tamen
886 5018 951 5100 ille
977 5018 1082 5099 lacus
1118 5017 1256 5098 mirum
1291 5043 1404 5125 qnam
1437 5019 1570 5124 paucis
1605 5017 1796 5118 Piscium,
1841 5021 2103 5106 Testnccorum

491 5165 699 5260 odorumve
731 5168 913 5252 Veranium
938 5171 1138 5278 generibus
1173 5169 1344 5279 ipsisque
1376 5170 1643 5276 speciminibus
1677 5184 1854 5276 notatur,
1892 5187 1935 5256 ut
1971 5205 2104 5262 aeuum

490 5325 612 5432 caspii
638 5325 756 5410 maris
783 5327 892 5436 quusi
918 5295 1225 5438 praeterlapsum
1249 5330 1375 5432 dicas;
1404 5357 1492 5414 nam
1509 5332 1788 5418 antediluriana
1805 5335 1955 5438 Fauna,
1985 5333 2103 5443 eter—

492 5483 614 5576 tiariis
639 5486 812 5570 littorum
838 5489 1029 5572 montibus
1057 5500 1188 5590 eruta,
1218 5489 1348 5598 inopia
1374 5491 1611 5598 specierum,
1630 5494 1786 5601 minime
1803 5499 2099 5604 conspicasset.

542 5641 575 5724 Ε
602 5655 737 5732 contra
751 5646 906 5730 devexa
932 5648 1013 5731 lata
1038 5659 1079 5732 ct
1105 5649 1351 5734 mbmontosa
1376 5651 1528 5760 paspia,
1545 5665 1600 5735 ct
1625 5679 1726 5762 quaa
1750 5653 1941 5756 lerelxio,
1971 5654 2098 5764 tCyro,
2220 5637 2224 5646 ’

533 5949 537 5959 ι

397 6089 400 6096 .
535 5980 579 6076 (²)
601 5983 723 6056 Strabo
743 5991 768 6055 l.
792 6014 824 6058 c.
852 5992 910 6057 lilr.
934 6015 980 6058 xr.
1003 6015 1074 6079 cap.
1099 5991 1133 6058 8.
1157 5998 1172 6078 S
1193 5993 1229 6061 6.

533 6123 591 6218 (‘')
612 6123 737 6198 Strabo
757 6133 780 6196 l.
805 6155 848 6199 cs
876 6133 934 6197 lih.
959 6156 1005 6198 xx.
1028 6153 1100 6220 cap.
1123 6132 1160 6200 2.
1184 6139 1199 6217 ς
1222 6131 1290 6217 2.ξ

534 6265 606 6378 (m)
634 6266 674 6336 V.
691 6293 792 6370 mcum
807 6273 930 6342 Fascia.
948 6279 1044 6363 plant.
1062 6299 1150 6364 casp.
1167 6299 1257 6344 canc.
1275 6277 1302 6346 1.
1320 6301 1390 6382 pag,
1407 6269 1463 6354 3.;
1487 6283 1589 6366 deque
1613 6283 1663 6348 lris
1679 6285 1822 6382 omnihus
1838 6287 1938 6380 fusius
1954 6297 2103 6378 treqtatnp

493 6379 525 6444 in
547 6401 639 6468 opere
660 6405 748 6452 meo:
772 6383 857 6498 :dite
881 6386 1090 6481 Geogrnplrie
1111 6387 1171 6457 des
1194 6387 1401 6483 Kaspiscloen
1425 6391 1567 6460 Mearm.
1591 6392 1713 6479 Berlin,
1743 6393 1837 6461 1838.

521 6557 525 6574 ⁶
631 6555 802 6615 Excawnxn
817 6562 907 6620 Faun.
927 6578 1002 6638 casp.
1022 6580 1101 6620 caue.
1980 6579 1996 6629 t
