5628 7750
1422 887 1711 972 —llh-

749 1085 894 1168 davidis
922 1085 1022 1166 inter
1051 1081 1188 1164 lascias
1218 1079 1326 1176 sitis,
1363 1103 1432 1160 nec
1460 1075 1533 1158 nisi
1562 1075 1744 1156 lateribus
1780 1070 2026 1153 lucidioribus
2053 1069 2217 1166 flavidis,
2249 1071 2368 1148 omni-

624 1217 627 1225 *
750 1241 822 1324 hus
849 1241 1015 1350 squamis
1044 1239 1183 1320 ibidem
1210 1235 1377 1335 flavidis,
1410 1233 1525 1314 luscis
1553 1231 1717 1338 nigrisve
1743 1229 1881 1310 carinis
1909 1227 2050 1309 notatis
2074 1227 2236 1334 indeque
2263 1225 2368 1304 striis

754 1395 879 1476 trumci
907 1391 1239 1502 longitudinalibus
1266 1401 1327 1470 sat
1353 1387 1582 1494 conspicuis.

802 1569 926 1676 Caput
952 1593 1117 1676 superne
1146 1565 1315 1664 trucum,
1345 1565 1384 1645 in
1410 1563 1554 1646 vertice
1581 1561 1821 1668 subnigram,
1850 1560 1957 1667 nigra
1985 1555 2103 1636 fascia
2129 1565 2219 1660 post
2236 1551 2369 1634 oculos

751 1731 1003 1828 decurrente,
1033 1727 1209 1832 oblonga.

804 1919 1002 2001 hbdomen
1028 1915 1203 1998 llaridum
1229 1915 1429 2012 concolor,
1460 1913 1647 2010 lucidum,
1676 1911 1796 1992 cauda
1822 1909 1956 1992 subtus
1985 1907 2109 1990 medio
2137 1905 2283 2003 llavida,
2315 1905 2370 1984 la-

751 2080 896 2160 teribus
923 2075 1264 2184 nigro-punctalis.

803 2237 1016 2344 Longitudo
1044 2235 1262 2342 speciminis
1290 2231 1472 2339 descripti
1500 2231 1525 2312 3
1552 2231 1640 2337 ped.
1671 2229 1697 2312 6
1723 2229 1843 2337 poll,
1875 2252 2036 2336 quorum
2051 2225 2079 2306 8
2095 2227 2189 2332 poll.
2215 2225 2262 2304 ad
2281 2249 2370 2304 cau-

753 2390 840 2470 dam
867 2387 1078 2485 referendi,
1119 2397 1159 2467 at
1192 2386 1264 2467 cel.
1295 2381 1470 2465 Pallasr'c
1506 2393 1606 2464 teste
1641 2381 1848 2487 specimina
1883 2377 2087 2486 5pedalia
2113 2377 2222 2482 ,haud
2259 2401 2366 2473 rara3

752 2572 995 2658 squamarum
1022 2545 1230 2626 dorsalium
1256 2543 1376 2625 series
1403 2542 1597 2624 numeravi
1624 2541 1696 2641 hl,
1726 2539 1913 2649 gularium
1939 2539 1978 2620 l.

807 2766 923 2848 Saum
949 2767 1099 2846 abdom.
1131 2776 1377 2846 numerantur
1402 2764 1500 2862 aot,
1531 2789 1602 2845 nec
1632 2763 1728 2863 102,
1768 2764 1869 2872 qnod
1897 2765 1952 2843 ill.
1983 2764 2119 2845 Pallas
2148 2751 2195 2872 (l
2224 2759 2366 2854 voluit,

753 2938 797 3006 ut
823 2926 920 3007 hanc
957 2928 1126 3033 speciem
1162 2925 1211 3006 ab
1253 2926 1476 3032 insequente
1517 2923 1777 3006 Haemorrloc
1817 2921 1962 3002 trabali
1998 2922 2265 3028 distingueret,
2308 2920 2369 2998 cui

752 3111 808 3166 sc.
844 3085 1040 3168 197-210
1066 3097 1175 3167 scuta
1202 3085 1413 3166 abdominis
1441 3085 1481 3164 in
1508 3085 1642 3166 eadem
1681 3059 1854 3190 corporis
1883 3084 2114 3192 longitudine
2141 3083 2367 3188 adscripsit;

752 3251 862 3320 scuta
888 3239 1132 3320 subcaudalia
1166 3241 1266 3320 illius
1302 3241 1353 3320 hd
1380 3241 1573 3323 numeravi
1590 3223 1604 3340 ς’
1640 3240 1800 3322 totidem
1833 3265 1984 3348 quoque
2020 3242 2076 3320 ill.
2107 3238 2265 3338 Pallas,
2304 3239 2368 3347 qui

752 3403 921 3509 speciem
949 3415 1076 3487 tamen
1102 3429 1178 3484 non
1204 3405 1243 3484 in
1270 3401 1462 3503 Caucaso,
1493 3404 1560 3486 sed
1587 3405 1626 3482 in
1654 3401 1756 3483 lossa
1783 3400 1964 3484 isthmum
1981 3405 2284 3508 Perecopensem
2310 3426 2370 3481 se·
2440 3385 2444 3397 ’

751 3569 863 3639 cante
890 3583 960 3640 nec
987 3582 1063 3638 non
1090 3559 1128 3636 in
1154 3557 1277 3664 planis
1305 3555 1535 3638 Chersonesi
1553 3557 1731 3662 tauricae
1763 3581 2059 3663 campommqne
2086 3555 2134 3634 ad
2161 3552 2370 3660 Borysthe

752 3738 839 3794 nem
866 3711 1106 3812 observarit,
1122 3737 1206 3818 ego
1233 3739 1318 3793 eam
1345 3736 1497 3820 quoqne
1521 3737 1645 3818 prope
1663 3709 1871 3810 Odessam,
1901 3710 1948 3790 ad
1967 3709 2104 3816 Tyram
2121 3720 2162 3789 et
2179 3707 2370 3815 Hypanim

753 3895 883 3952 amnes
903 3881 1016 3976 atque
1034 3869 1127 3948 alibi
1146 3868 1245 3968 ridi3
1266 3894 1426 3976 eamque
1443 3868 1626 3949 Antonius
1640 3867 1925 3970 Audrzejowslci
1941 3867 2013 3944 sub
2031 3865 2182 3947 nomine
2205 3863 2237 3946 C
2241 3924 2250 3943 .
2272 3891 2371 3944 aaa·

754 4033 946 4138 alopastri
968 4031 1195 4136 descripsit,
1225 4041 1265 4111 et
1291 4030 1339 4109 ad
1365 4031 1496 4110 decem
1525 4027 1607 4112 lere
1633 4029 1749 4134 pedes
1771 4053 1994 4111 excrescere
2013 4030 2126 4138 inque
2144 4030 2268 4112 medio
2286 4055 2372 4111 cor-

754 4195 862 4304 poris
880 4195 1094 4277 crassitiem
1121 4193 1270 4275 brachii
1288 4192 1441 4273 humani
1461 4191 1515 4305 (l)
1534 4193 1746 4300 adaequare
1765 4189 1829 4301 (““)
1857 4191 2067 4298 perhibuit.
2099 4191 2313 4274 Narrabant
2331 4207 2371 4276 et

714 4379 717 4403 ¹
755 4350 872 4449 mihi,
902 4375 975 4456 per
992 4347 1220 4456 Volhyniam
1238 4360 1278 4430 et
1296 4349 1492 4433 Podoliam
1512 4349 1587 4430 iter
1605 4349 1796 4456 quondam
1813 4347 2048 4446 instituenti,
2079 4349 2126 4431 de
2146 4350 2370 4430 immanibus

755 4501 1033 4608 serpentibus,
1077 4500 1124 4592 10
1150 4501 1257 4579 ulnas
1292 4501 1562 4582 excedentibus
1589 4511 1629 4580 et
1656 4501 1704 4580 ad
1731 4501 1871 4608 Tyram
1898 4499 2137 4606 superiorem
2164 4501 2368 4608 indigenis3

754 4670 796 4739 et
821 4655 984 4764 posthac
1012 4655 1141 4736 oblata
1167 4668 1229 4736 est
1255 4654 1348 4736 mihi
1377 4657 1474 4756 cutis
1503 4657 1725 4755 exsiccata,
1763 4683 1785 4737 a
1812 4656 1987 4764 Pythone
2015 4658 2178 4765 quodam
2204 4641 2368 4764 dejecta,

754 4816 794 4894 in
820 4815 926 4922 sylva
953 4811 1202 4894 Bessarabiae
1229 4811 1329 4892 haud
1355 4814 1491 4918 procul
1518 4813 1567 4892 ab
1606 4813 1701 4894 urbe
1728 4811 1859 4918 Bielcy
1895 4823 2071 4917 reperta,
2111 4840 2208 4920 qnae
2243 4816 2371 4925 itaque

754 4995 1015 5076 europaeum,
1058 4969 1096 5050 ni
1123 4993 1253 5051 omnes
1282 4967 1466 5069 fallimur,
1506 4969 1560 5049 ibi
1594 4969 1716 5050 adhuc
1743 4969 1932 5051 viventem
1958 4969 2170 5077 Pythonem
2206 4972 2371 5055 indicare

754 5137 916 5218 videtur.
945 5135 1029 5214 Jam
1056 5133 1320 5240 antiquissimo
1356 5131 1548 5213 Herodoti
1578 5157 1673 5214 aevo
1708 5133 1849 5232 Neuri,
1887 5121 2011 5240 'lyrae
2051 5134 2263 5240 superioris
2300 5162 2365 5214 ac-

754 5296 886 5392 colae,
924 5319 947 5372 a
982 5292 1099 5372 nimio
1126 5293 1362 5397 serpentium
1397 5317 1555 5374 numero
1603 5291 1743 5398 lugati,
1792 5294 1876 5374 solo
1918 5293 2038 5375 natali
2084 5295 2294 5393 derelicto,
2334 5294 2371 5374 in

755 5451 948 5557 regionem
975 5447 1186 5529 vicinorum
1211 5446 1444 5528 Rudinorum
1468 5449 1739 5556 migraveramt.
1772 5447 1852 5557 (m)

799 5857 842 5950 (')
865 5855 975 5944 Zoogr.
1002 5884 1053 5926 ιιι.
1078 5881 1149 5946 pag.
1174 5854 1238 5939 42,
1264 5859 1324 5924 nisi
1348 5880 1435 5924 error
1456 5857 1498 5924 sit
1520 5858 1777 5954 typographicae.

797 6020 854 6114 ('')
875 6019 1043 6108 Amphibia
1064 6023 1210 6090 noshatia
1233 6024 1266 6088 in
1290 6019 1394 6116 Nous.
1419 6021 1515 6118 hiem.
1539 6025 1628 6090 dela
1651 6017 1725 6090 Soc.
1742 6027 1796 6090 des
1811 6028 1930 6111 nebda
1944 6021 2088 6094 Moscou.
2112 6023 2208 6112 Tosne
2223 6051 2262 6092 ιι.
2290 6023 2373 6090 1832

754 6163 824 6224 pag.
847 6135 927 6205 334.
952 6137 1132 6206 Consimilis
1155 6143 1218 6206 lere
1239 6143 1478 6207 confabulantur
1498 6143 1536 6206 de
1559 6145 1606 6207 sic
1627 6141 1710 6207 dicta
1732 6139 1860 6231 Vipera
1883 6145 2029 6208 temerari
2049 6139 2210 6210 Sardiniae
2233 6146 2370 6224 insulae,

752 6279 832 6323 vano
854 6257 998 6340 nomine,
1023 6277 1080 6321 nec
1101 6257 1246 6339 animali,
1271 6243 1302 6322 ν’.
1326 6257 1365 6322 Ι.
1392 6255 1489 6324 Gerre'
1509 6281 1637 6348 synops.
1663 6255 1778 6344 Reptil.
1803 6253 1942 6325 Sardi.
1967 6283 1998 6326 c.
2024 6284 2094 6346 pag.
2118 6257 2175 6326 22.

796 6415 868 6509 ('“)
882 6416 922 6482 V.
939 6417 1117 6484 memoriam
1134 6437 1232 6482 meam
1247 6420 1285 6483 de
1301 6415 1441 6508 Pythone
1455 6414 1652 6503 Nemorum,
1677 6419 1739 6486 061
1762 6425 2008 6504 esponellcrorrn
2032 6439 2129 6514 yram
2152 6445 2193 6487 na
2208 6419 2374 6513 iliypnasn

753 6551 997 6613 uunncrepcrsa
1019 6527 1203 6617 Hapoqaaro
1226 6527 1459 6614 llpocn'smenin
1485 6527 1582 6612 1839,
1607 6525 1646 6598 C.
1672 6529 1894 6623 llereptyprn.
