5582 7752
1399 755 1633 834 ...8.-

561 1041 563 1047 ¹
702 937 945 1048 latschgumi
963 937 1067 1046 regio
1081 935 1190 1040 juxta
1208 934 1352 1018 lootem
1370 937 1489 1046 Hippi
1507 965 1687 1046 exprme,
1708 949 1750 1020 et
1767 935 1868 1023 ultra
1884 949 2087 1024 oocurmmt
2102 937 2319 1024 Suanorum
2431 1043 2437 1058 ·

701 1104 923 1186 solitudines
950 1109 1169 1197 montosae,
1198 1098 1289 1205 jugo
1307 1097 1464 1182 Caucasi
1494 1101 1717 1209 impositae,
1748 1101 1947 1183 mammam
1973 1111 2121 1208 partem
2141 1103 2317 1186 desertae

700 1277 741 1346 et
760 1265 889 1344 tristes
900 1290 918 1362 3,
931 1261 1093 1367 pristino
1113 1271 1239 1352 tamen
1256 1277 1354 1342 aevo
1369 1260 1524 1365 ajebant
1541 1273 1675 1344 aurum
1688 1261 1853 1344 delatum
1871 1259 1947 1342 huo
1962 1275 2048 1344 es'se
2067 1264 2314 1364 torrentibus,

700 1419 813 1527 idque
839 1414 1053 1498 ebarharis
1080 1424 1281 1518 exceptum
1308 1415 1466 1496 alveolis
1494 1414 1701 1521 perforatis
1728 1427 1769 1502 et
1795 1417 2000 1500 velleribus
2027 1419 2188 1514 lenosis,
2218 1379 2319 1503 unde

697 1583 813 1663 etiam
840 1578 947 1660 aurei
974 1575 1126 1658 velleris
1153 1574 1343 1656 exstilerit
1372 1574 1511 1658 fabula.
1548 1575 1650 1674 Quas
1679 1602 1770 1660 vcro
1804 1579 2010 1684 particulas
2038 1605 2173 1662 amens
2201 1579 2315 1662 hodie

697 1761 820 1844 neque
847 1757 939 1840 ego,
966 1756 1088 1838 neque
1114 1731 1214 1810 ullus
1238 1730 1427 1836 quispiam
1453 1731 1493 1810 in
1517 1729 1695 1812 Colchide
1720 1731 1897 1830 offendit,
1926 1744 1971 1812 ut
1996 1733 2124 1840 itaque
2152 1731 2314 1814 lortesse

562 1924 571 1950 ⁸
696 1912 769 2004 pro
802 1893 976 2001 pyritieis
1011 1891 1170 1971 lamellis
1207 1891 1334 1996 potius
1369 1891 1446 1970 sint
1479 1891 1687 1974 habendae.
1728 1893 1944 2022 Suonorsno
1976 1895 2042 1974 alii
2076 1895 2210 1994 liberi,
2248 1897 2314 1976 alii

695 2055 868 2138 Colchidi
895 2053 1028 2150 ricini,
1058 2052 1229 2133 Dadiono
1254 2052 1420 2182 principi
1438 2053 1578 2151 dediti,
1608 2053 1673 2134 alii
1691 2055 1853 2164 denique
1872 2057 2012 2138 tribum
2032 2051 2314 2138 Zioeloruro'et

701 2216 1028 2297 Totorodonornm
1043 2212 1298 2309 constituunt,
1330 2212 1432 2319 iique
1459 2237 1604 2292 summa
1630 2215 1824 2298 cacumina
1851 2214 2216 2300 Caucasiincolunt.

744 2370 894 2452 Dehinc
927 2379 1054 2450 mrtem
1087 2366 1218 2446 omnis
1243 2391 1312 2446 ora
1344 2367 1383 2446 in
1417 2373 1592 2448 oooasmn
1626 2369 1768 2450 sensim
1801 2379 1916 2478 atque
1947 2372 2068 2453 lenius
2096 2374 2134 2452 in
2160 2383 2312 2478 septen-

693 2519 858 2598 trionem
893 2515 1108 2611 adscendit,
1156 2515 1268 2620 inque
1304 2516 1484 2594 extremis
1522 2516 1706 2596 montium
1747 2516 1871 2624 jugis,
1916 2521 2123 2626 antiquitus
2160 2543 2311 2625 quoque

692 2674 885 2756 Coraxicis
921 2675 1033 2756 dictis
1079 2674 1376 2779 immensumque
1412 2674 1486 2754 iter
1522 2675 1758 2779 paralleliter
1792 2701 1878 2758 curn
1913 2702 1982 2758 ora
2014 2673 2307 2772 emetlcntibus,

692 2833 939 2930 terminatum
969 2855 1066 2936 mnae
1092 2829 1207 2934 igitur
1234 2829 1355 2908 omnis
1379 2830 1513 2936 plaga,
1550 2857 1835 2938 quaquaversus
1860 2829 2054 2914 inaccessa
2081 2832 2160 2915 lere
2187 2844 2237 2914 ct
2254 2833 2310 2912 in-

689 2986 854 3082 domita,
884 2982 934 3063 ab
958 2937 1091 3062 atrocb
1109 2989 1150 3060 et
1167 2981 1320 3060 immani
1338 2981 1547 3062 Adosorum
1563 2995 1676 3089 gente
1696 2985 1859 3083 colitur,
1889 2987 1955 3091 qui
1972 2985 2190 3092 nuperrime
2206 2985 2309 3065 bello

689 3139 887 3247 mames
914 3137 1039 3234 erar,
1069 3135 1249 3219 arares
1263 3137 1452 3242 permoti,
1482 3137 1695 3242 principem
1712 3111 1892 3220 ramirans
1910 3141 2159 3245 expuerunt,
2189 3140 2307 3220 nemi-

538 3293 541 3300 ’
679 3297 803 3405 nique
819 3295 1062 3390 obedientes,
1092 3293 1177 3374 sola
1193 3294 1336 3399 pracda
1353 3295 1544 3393 victitant,
1574 3295 1689 3402 inque
1712 3295 1829 3380 multa
1853 3323 1992 3404 genera
2007 3299 2139 3397 diuisi,
2156 3299 2305 3424 -quibus

636 3500 641 3518 ·
687 3452 831 3536 rclcras
860 3453 982 3534 tribus
1009 3449 1152 3558 Rapis,
1182 3451 1330 3531 sibodus
1356 3452 1514 3556 proprie
1539 3452 1682 3550 dictos,
1710 3452 1750 3530 12
1752 3452 1913 3549 obsidio,
1944 3453 2114 3534 Adsduoo
2139 3465 2181 3534 et
2208 3452 2329 3532 san·

685 3613 910 3707 rotensolen,
939 3585 1096 3716 peeudis
1123 3611 1353 3691 domesticae
1380 3635 1531 3715 gregem
1557 3633 1633 3688 non
1659 3579 1955 3716 computabilem
1981 3595 2203 3692 enutriunt,

737 3765 908 3873 Oppida,
929 3763 1101 3845 allorst's
1119 3775 1324 3869 occupata,
1336 3751 1337 3754 Ὺ
1347 3763 1401 3844 ibi
1419 3763 1662 3844 memoranda
1678 3775 1767 3842 sunt
1785 3763 2036 3845 Suchumlrale
2052 3777 2094 3844 et
2111 3763 2304 3844 Sudshut-

683 3921 792 4019 lcale,
822 3921 1003 4000 adoram
1029 3919 1152 4024 ipsam
1185 3917 1259 3996 sita
1285 3917 1450 4023 bonique
1476 3927 1635 4023 portus3
1664 3927 1747 3996 tum
1772 3932 1923 4024 quoquc
1949 3917 1999 3996 in·
2014 3917 2194 3998 extremis
2221 3915 2304 3998 lini·
2362 4011 2369 4028 ἱ

685 4083 756 4162 bus
783 4082 938 4189 dnapa,
974 4082 1173 4162 castellum
1187 4090 1241 4160 ,et
1266 4089 1400 4184 portus
1428 4063 1671 4177 commodus,
1708 4103 1784 4186 quo
1817 4080 2005 4160 nonnullis
2032 4079 2170 4180 abhinc
2196 4077 2301 4160 annis

689 4239 838 4325 Turum
871 4238 1145 4342 mancipiorum
1179 4234 1406 4340 pracsertim
1427 4235 1685 4314 vemendorum
1701 4265 1704 4276 ⁴
1720 4260 1834 4316 causa
1866 4239 2143 4336 convenerant3
2181 4236 2300 4316 hocce

683 4406 810 4478 autem
841 4421 866 4473 a
900 4390 1033 4472 Rossis
1068 4388 1199 4470 bodie·
1216 4375 1426 4492 occupato,
1465 4387 1747 4492 mancipiorum.
1773 4401 1988 4472 mercatura
2024 4393 2123 4472 inter
2156 4391 2300 4470 Abusus

681 4565 724 4631 et
753 4550 1013 4662 Cobords‘nos,
1042 4545 1290 4628 abaseclricac
1315 4543 1470 4650 stirpis,
1489 4545 1612 4650 ¹plene
1638 4545 1813 4629 cessauit.
1896 4553 1930 4640 j⁴
1982 4555 1985 4562 '
2146 4617 2148 4626 ,
2283 4563 2286 4570 ’

696 4807 700 4818 p
735 4701 836 4782 Talis
865 4701 993 4808 itaque
1019 4707 1196 4804 aspectus
1224 4693 1414 4782 Colchidis
1440 4695 1635 4806 sylvosae,
1673 4694 1850 4782 satan·
1864 4705 1906 4779 el
1930 4695 2112 4780 Kwirilae
2138 4698 2298 4806 ejusque

681 4864 917 4948 affluentibus
944 4861 1156 4944 numerosis
1184 4859 1369 4966 irriguae,
1400 4857 1487 4939 talis
1514 4876 1667 4966 quoquo
1683 4859 1835 4942 Iberiae
1852 4859 2111 4968 Albaniaeqoc
2138 4855 2295 4962 veteris,

680 5049 773 5130 qtras
792 5021 911 5128 Cyrus
929 5019 1048 5104 amnis
1067 5027 1195 5100 vastus
1222 5015 1383 5122 ejusque
1408 5015 1557 5120 copiosi
1585 5025 1775 5095 torrentes
1803 5027 2013 5119 permeant.
2041 5016 2184 5110 Omnes
2204 5043 2296 5102 vcro

679 5185 768 5266 illac
789 5186 969 5292 regiones
997 5181 1321 5277 transcaucasiae,
1350 5177 1434 5258 miti
1458 5179 1570 5258 coelo
1598 5177 1851 5298 excellentes,
1880 5185 1952 5284 per
1976 5177 2295 5264 smnma'Caucasi

677 5340 790 5449 juga,
820 5341 868 5422 ad
894 5362 1071 5420 occasum
1095 5349 1137 5422 et
1163 5335 1483 5443 septentrionem,
1513 5335 1655 5441 'aequo
1669 5359 1726 5456 ac·
1741 5323 1929 5421 orientem
1955 5323 2097 5418 versus.
2113 5350 2155 5418 et
2180 5340 2295 5420 meri-

677 5488 782 5582 diem·
811 5501 850 5580 iu
882 5498 1064 5605 pristinos
1098 5505 1246 5576 montes
1272 5492 1476 5574 Coraxicos
1507 5493 1770 5604 exsurrentia,
1804 5504 2032 5597 separantur
2058 5521 2094 5574 a·
2109 5497 2290 5604 reliquis,

677 5653 974 5756 scmenmionem
1007 5649 1266 5757 spectantibus
1300 5647 1443 5755 plagis,
1480 5671 1579 5754 quse
1612 5644 1812 5750 pristinam
1840 5642 2063 5726 Sarmatiam
2095 5647 2294 5738 asiaticm
2335 5673 2336 5678 ‘

674 5805 946 5902 oobffiniebant.
1098 5865 1101 5872 .
1549 5815 1565 5874 1,

612 5947 614 5950 ’
694 5998 698 6032 ,
722 5936 813 6032 dam
831 5959 922 6027 vero
940 5935 1135 6025 orientalis
1153 5932 1268 6039 hujus
1287 5943 1430 6032 tractus
1447 5957 1560 6038 pars,
1590 5932 1721 6036 caspio
1739 5933 1836 6028 mari
1851 5936 2052 6043 contigua„
2066 5941 2293 6032 ‚numerosis

675 6088 799 6198 iisque
832 6089 1059 6196 asperrimis
1085 6091 1299 6191 montibus,
1334 6091 1590 6199 saltuosisquc
1616 6090 1850 6180 convallibus
1877 6102 2091 6190 exstructa„
2124 6093 2291 6198 pristino

674 6273 783 6338 aanor
798 6253 925 6360 minus
958 6263 1044 6336 erut
1076 6263 1188 6352 nota,
1228 6255 1390 6363 ideoque
1416 6267 1493 6338 tam
1520 6279 1701 6362 perversa
1731 6233 2291 6360 ratione.desssipta,1utlere
