5628 7750
1392 949 1446 970 ..
1502 905 1575 985 Μ
1628 949 1683 966 -

780 1093 945 1198 Propter
972 1090 1181 1174 marium
1203 1103 1404 1172 merum
1429 1090 1570 1184 bontm
1591 1088 1840 1198 serpe-tin,
1869 1087 1912 1166 in
1925 1109 2090 1192 mogodo
2103 1085 2257 1167 baum
2277 1082 2346 1164 lu

726 1275 868 1358 crusque
883 1248 1099 1347 obuiorum,
1130 1247 1708 1358 uniquituswnlabdabautur,
1737 1247 1853 1330 abiis
1865 1245 2125 1327 Romanorum
2139 1243 2343 1360 enercitru,

726 1407 822 1488 duce
852 1403 969 1510 Coepit
995 1403 1199 1514 Pompejo,
1236 1407 1418 1514 amspio
1444 1408 1546 1490 mari
1567 1433 1654 1491 esse
1681 1405 1895 1504 codretum
1924 1425 2118 1486 monem
2144 1415 2271 1484 tamen
2300 1403 2348 1484 de

726 1567 910 1649 immenso
938 1567 1172 1673 serpentium
1198 1594 1356 1652 numero
1383 1569 1494 1650 nimis
1522 1596 1609 1652 esse
1634 1569 1848 1667 adauctum,
1878 1567 2093 1649 novissimis
2113 1566 2347 1672 temporibus

731 1724 832 1806 inter
859 1749 989 1804 omnes
1017 1733 1182 1805 constat.
1202 1724 1249 1833 Γ)

1140 2252 1531 2342 TROPIDONOTUS
1557 2249 1753 2342 ulturi
1780 2249 1932 2340 tttfflt.

787 2601 1015 2710 Torquatus
1047 2625 1211 2705 superne
1236 2597 1489 2694 cinerascens,
1520 2594 1871 2702 nigro-maculatus,
1901 2595 2058 2676 maculis
2076 2593 2348 2700 irregularibus
2392 2577 2399 2590 ’

732 2767 877 2872 absque
904 2763 1036 2846 ordine
1062 2750 1272 2868 dispositis,
1302 2759 1490 2864 margines
1519 2782 1760 2866 squamarum
1786 2758 1914 2845 notaei
1941 2755 2086 2864 passim
2112 2755 2348 2836 albescentes

733 2925 894 3032 indeque
921 2919 1091 3002 maculae
1118 2917 1267 2998 albidas
1294 2925 1475 3020 angustae
1503 2914 1643 2995 ibidem
1670 2913 1817 2994 obviae.

782 3125 884 3206 Hab.
916 3124 955 3204 iu
981 3111 1292 3204 meridionalibus
1321 3115 1532 3216 caucasiis,
1555 3075 1687 3224 ‘prope
1714 3115 1877 3196 Titlisios
1904 3115 2061 3212 urbem,
2091 3123 2132 3194 et
2158 3111 2264 3192 alibi.

786 3323 961 3430 Torques·
992 3319 1087 3402 colli·
1119 3319 1251 3416 albus,
1288 3319 1406 3426 eique
1436 3317 1544 3425 niger
1579 3317 1677 3402 uuor
1711 3317 1975 3425 postpositus,
2013 3315 2202 3400 abdomen
2240 3318 2347 3423 nigro

734 3477 898 3583 alboque
934 3474 1179 3574 tesselatum3
1224 3473 1329 3556 nullu
1368 3471 1574 3578 striganum
1612 3473 1939 3579 longitudinelium
1977 3471 2149 3557 albarum
2189 3471 2350 3579 uestigia

735 3629 897 3736 ideoque
932 3628 1082 3734 species
1118 3627 1336 3734 promiscue
1372 3651 1462 3708 cunr.
1490 3625 1750 3736 Tropidoooto
1779 3653 1899 3736 perso
1933 3627 2061 3712 obvia.
2103 3627 2351 3737 Squamarum

661 3763 668 3777 ⁸
734 3785 942 3868 dorsalium
960 3785 1080 3884 serios
1103 3765 1177 3884 te,
1201 3784 1248 3865 Τ.
1268 3781 1383 3891 hydri
1395 3785 1598 3892 exemplar
1624 3785 1724 3872 idem
1743 3811 1895 3893 quoque
1913 3809 2095 3874 numerio
2109 3786 2150 3866 iu
2172 3787 2218 3868 T.
2233 3813 2351 3893 perso

734 3955 775 4028 et
801 3956 949 4028 scutato
975 3943 1079 4026 Patr.

947 4473 1341 4568 ruomuoumos
1364 4475 1498 4620 mm
1516 4477 1579 4596 (⁶)
1608 4449 1654 4569 d.
1685 4479 1778 4566 m.
1810 4505 1896 4567 aa.
1929 4482 2008 4569 m.
2044 4487 2077 4568 r.
2109 4487 2147 4568 s.

894 4819 898 4832 '
1035 4800 1040 4840 ³
1170 4802 1230 4890 dn
1257 4830 1335 4891 var.
1373 4799 1625 4920 Trepidonoti
1649 4803 1824 4894 Nutricis
1851 4799 1931 4890 L?

790 5121 909 5217 Totus
936 5145 1035 5234 ater',
1065 5121 1225 5216 scutella
1244 5079 1527 5218 submaxillaria
1544 5161 1567 5217 e
1584 5125 1840 5233 ssavo-albida,
1870 5132 1969 5242 gula,
1998 5130 2100 5218 collo
2118 5147 2352 5244 pectoreque

739 5279 949 5378 rarioribus
976 5290 1133 5374 maculis
1161 5279 1257 5375 albis
1285 5293 1439 5376 notatis.
1839 5288 1842 5296 ’

792 5453 892 5536 Hab.
932 5453 980 5534 ad
1015 5451 1291 5536 Astrochanum
1318 5453 1488 5552 urbem,¹
1514 5453 1553 5534 in
1588 5453 1720 5536 insulis
1748 5453 1920 5534 arenosis
1948 5478 1973 5534 a
1999 5443 2122 5560 Volga
2148 5479 2257 5535 amne
2284 5479 2350 5536 ex-

738 5609 907 5691 structis.
1690 5607 1692 5614 '

784 5981 827 6077 (⁶)
863 5981 1041 6052 Praefectus
1063 5985 1198 6052 militum
1219 5981 1411 6064 Lutzenlro,
1433 5975 1605 6054 lencorani
1628 6009 1684 6074 per
1706 5989 1880 6074 complures
1894 6009 1991 6052 annos
2004 5991 2129 6072 degens,
2154 5989 2187 6053 in
2202 5992 2356 6056 desertum

740 6098 937 6188 Moganicum
959 6100 1084 6183 missus,
1109 6111 1229 6170 utrem
1251 6105 1290 6168 de
1312 6123 1421 6188 magno
1443 6105 1633 6192 serpentium
1656 6127 1783 6171 numero
1806 6104 1916 6170 melius
1938 6105 2127 6188 inquireret,
2153 6107 2269 6171 nullum
2293 6107 2356 6169 lere

740 6228 911 6303 serpentem
934 6215 979 6282 ibi
1000 6218 1190 6292 observarit3
1213 6229 1300 6284 certo
1320 6220 1449 6288 multum
1472 6224 1620 6304 interest,
1645 6243 1717 6288 num
1740 6222 1865 6288 humida
1880 6221 1934 6304 sit,
1951 6243 1991 6287 aa
2014 6220 2099 6290 sicca
2121 6233 2296 6308 tempestas,
2322 6233 2355 6286 ut
2516 6267 2519 6276 ·

741 6334 838 6425 major
859 6337 997 6404 minorve
1019 6356 1124 6402 eorum
1146 6335 1237 6424 copia
1259 6347 1445 6424 compareat.

783 6499 839 6590 Γ)
863 6497 989 6584 Zoolog.
1015 6501 1143 6586 special.
1169 6497 1235 6565 ΙΙΙ.
1260 6523 1331 6587 pag.
1360 6495 1433 6565 173.
