5582 7752
1447 887 1712 971 ...34-

771 1075 892 1156 cranii
911 1073 1169 1172 occlndentia,
1200 1071 1282 1173 sed,
1313 1083 1487 1155 esctura
1503 1075 1633 1182 potius
1653 1074 2136 1182 incisim-supramarillari
2154 1079 2386 1183 prominens,

772 1239 915 1318 ambitu
941 1261 1012 1318 sno
1041 1237 1219 1320 mollibus
1247 1237 1394 1318 narium
1421 1231 1617 1346 partibas,
1648 1265 1670 1320 e
1697 1236 1854 1320 conchis
1872 1237 2022 1320 obortis
2034 1297 2045 1338 ,
2074 1251 2256 1346 punctam
2274 1239 2389 1320 lixam

644 1431 652 1448 ι
770 1387 944 1493 praebet.

823 1541 908 1624 Jam
926 1567 1017 1623 vero
1036 1542 1073 1639 id
1092 1542 1220 1648 potins
1239 1541 1538 1626 intermaxillare
1557 1543 1712 1652 aliquod
1729 1545 2001 1628 emcedancnm
2027 1545 2131 1626 dicat
2143 1605 2160 1644 ,
2184 1552 2390 1654 propterca

771 1705 872 1812 quod
900 1705 938 1786 in
965 1705 1234 1790 Mammalibus
1261 1705 1472 1806 nonnullis,
1508 1717 1552 1788 ut
1588 1707 1628 1786 in
1653 1707 1806 1788 Piscino
1840 1733 1977 1816 genere
1989 1765 2000 1808 ,
2036 1709 2267 1815 diremptum
2291 1710 2389 1790 bene

771 1866 922 1973 quidem
949 1865 1141 1966 occurrit;
1170 1865 1272 1972 quod
1298 1865 1415 1946 etiam
1442 1867 1509 1946 cel.
1532 1863 1682 1970 Bojorto
1701 1864 1748 1976 (*)
1778 1865 1816 1946 in
1836 1864 1942 1948 foetu
1957 1867 2209 1972 complurium
2231 1867 2390 1950 Gliciam

771 2022 891 2103 visum
919 2034 1002 2122 est;
1033 2021 1146 2129 inque
1171 2019 1500 2128 Ornitlorlyoclo
1521 2023 1728 2130 porodoco
1755 2021 2041 2103 distinctissime
2067 2019 2178 2126 hujus
2206 2023 2306 2104 ossis
2332 2023 2389 2102 di-

771 2183 934 2287 rcmptio
962 2183 1188 2264 observatur
1210 2177 1290 2289 (”)‚
1321 2180 1414 2262 licet
1441 2177 1563 2260 torma
1589 2177 1673 2283 ejus
1705 2189 1746 2260 et
1772 2179 1868 2260 sitm
1896 2179 1934 2260 in
1966 2179 2048 2261 Uro
2073 2204 2257 2286 perquam
2283 2179 2389 2260 dilie-

771 2351 857 2422 rant
883 2341 933 2421 ab
959 2341 1049 2421 illis.

822 2519 1126 2600 Intermaxillare
1153 2542 1197 2596 os
1230 2516 1305 2598 Uri
1328 2517 1615 2600 teretiuscnlum
1641 2528 1701 2598 est
1727 2528 1768 2598 et
1792 2496 2055 2618 rotandatmn,
2085 2515 2234 2600 lorcam
2252 2543 2386 2627 gerens

770 2671 819 2750 ad
844 2671 942 2750 latus
970 2669 1180 2766 internum,
1211 2692 1286 2774 quo
1311 2669 1687 2774 supernumerarium
1705 2669 1797 2750 illud
1815 2669 1983 2775 excipit3
2012 2671 2114 2778 quod
2131 2669 2218 2752 ideo
2236 2669 2387 2754 minime

771 2824 952 2906 extremis
979 2823 1130 2904 ossibus
1158 2825 1535 2930 supramaxillaribus
1554 2825 1763 2929 adiudicari
1787 2835 1938 2930 potest,
1968 2848 2084 2931 quum
2101 2823 2152 2904 alr
2169 2825 2216 2906 iis
2235 2827 2387 2908 omnino

771 2985 1012 3092 diremptum,
1043 2985 1162 3066 instar
1188 2985 1359 3066 extranei
1386 2983 1547 3090 alicujus
1576 2985 1745 3084 ossiculi,
1766 2985 1901 3066 iisdem
1919 2985 2123 3068 incumbat.
2153 2985 2302 3070 Idcirco
2320 3014 2387 3096 ap-

772 3146 847 3226 tius
873 3170 946 3251 pro
972 3169 1071 3226 noro
1098 3144 1337 3244 declaratur,
1367 3144 1415 3226 ad
1442 3144 1613 3252 quintam
1640 3145 1858 3228 vertebram
1883 3144 2002 3226 cranii
2020 3167 2181 3250 eamque
2198 3146 2387 3228 rudimen·

772 3307 907 3389 tarium
933 3305 1188 3412 palpatoriam
1214 3303 1455 3404 accessorio,
1483 3303 1594 3410 cujus
1621 3329 1751 3386 arcum
1776 3303 2031 3386 renebralcm
2055 3303 2268 3385 constituit.

822 3494 1051 3602 Ceteroqnin
1079 3493 1116 3573 in
1141 3491 1355 3599 junioribus
1383 3491 1471 3573 Uris
1507 3491 1713 3572 ossiculum
1739 3490 1813 3570 hoc
1839 3489 1918 3594 jam
1944 3488 2268 3572 distinctissimum
2295 3503 2381 3590 est,

771 3683 846 3769 quo
873 3683 965 3740 vero
991 3655 1108 3762 magis
1136 3655 1314 3736 increscit
1332 3653 1479 3752 bestia,
1509 3674 1557 3734 eo
1575 3653 1694 3760 magis
1713 3673 1865 3760 quoque
1882 3673 2071 3758 apparere
2088 3653 2212 3754 solet;
2241 3653 2385 3760 passim

772 3824 897 3893 tamen
925 3809 963 3890 in
980 3809 1200 3917 grandaevis
1229 3805 1411 3915 (seminis)
1440 3807 1523 3912 ipsa
1540 3807 1698 3913 vestigia
1715 3808 1800 3910 ejus
1826 3806 2072 3908 delitescunt3
2103 3830 2386 3914 quaquaversus

771 3968 986 4074 dispareat,
1016 3989 1065 4047 er
1092 3965 1139 4042 iis
1167 3962 1265 4043 haud
1292 3963 1390 4044 bene
1416 3973 1550 4069 patet;
1579 3983 1656 4040 non
1682 3962 1834 4068 quidem
1859 3961 2040 4043 coalescit
2056 3987 2142 4044 cum
2165 3987 2252 4046 osse
2270 3963 2386 4044 inter-

771 4123 978 4222 maxillam,
1015 4147 1085 4204 nec
1112 4121 1262 4203 insimul
1288 4145 1375 4203 cnm
1401 4147 1449 4202 eo
1476 4131 1517 4203 et
1543 4117 1849 4227 snpramaxillari
1861 4177 1872 4220 ,
1916 4123 2016 4230 quod
2043 4124 2168 4204 solent
2199 4123 2274 4206 cn·
2297 4127 2403 4204 ossa'

772 4281 1093 4390 interparietalia,
1132 4305 1230 4388 quae
1266 4282 1379 4363 modo
1414 4305 1501 4363 cum
1534 4279 1807 4386 parietalibos,
1845 4283 2034 4390 modoque
2068 4308 2156 4366 cum
2190 4283 2384 4390 occipitnli

770 4457 1041 4544 concrescunt,
1079 4445 1268 4551 planeque
1293 4445 1491 4551 disparent
1517 4455 1670 4526 mutuae
1706 4468 1839 4527 eornm
1866 4457 2020 4528 suturae
2047 4461 2089 4528 et
2115 4447 2268 4528 limites.
2298 4447 2385 4542 Quo

771 4598 886 4705 igitur
912 4595 995 4678 lieri
1022 4597 1169 4701 possit,
1200 4609 1242 4676 ut
1270 4599 1308 4678 in
1334 4600 1549 4680 adultorum
1575 4599 1719 4706 passim
1748 4601 1911 4680 Urorum
1939 4599 2090 4678 ossibus
2119 4598 2253 4696 faciei,
2283 4600 2383 4680 mole

772 4780 956 4862 perquam
982 4756 1171 4855 adauctis,
1202 4757 1366 4840 ossicula
1385 4761 1451 4842 illa
1478 4761 1808 4866 supemnmeraria
1834 4760 1986 4840 omnino
2014 4743 2290 4856 desiderentur,
2320 4783 2381 4840 me

770 4909 921 5020 quidem
947 4913 1061 5014 latet,
1092 4915 1163 4994 nisi
1191 4915 1536 4998 inconstantissimo
1564 4917 1602 4998 in
1630 4911 1802 5014 seminis,
1842 4916 1890 4996 iis
1926 4941 1951 4994 a
1985 4911 2109 5019 prima
2144 4911 2290 5020 origine
2317 4915 2382 4996 de-

771 5065 930 5168 fuerint3
961 5079 1127 5149 attamen
1153 5071 1237 5178 ipsa
1264 5072 1398 5174 lovea,
1428 5075 1461 5155 si
1490 5071 1590 5156 forte
1616 5071 1847 5170 deciderint,
1886 5069 2036 5175 aliaque
2064 5089 2197 5150 eorum
2223 5069 2384 5175 vestigia

771 5221 809 5304 in
836 5221 895 5304 his
922 5224 1019 5304 bene
1046 5239 1349 5332 cognoscuntur,
1388 5231 1428 5311 in
1464 5229 1539 5310 illis
1567 5227 1694 5308 omnia
1722 5225 1759 5307 id
1786 5247 1901 5334 genus
1929 5221 2067 5304 indicia
2093 5223 2206 5331 plane
2233 5221 2382 5306 deside-

769 5393 912 5466 rantur.

809 5775 856 5870 s)
877 5776 1018 5848 Anatom.
1036 5779 1163 5850 Testud.
1180 5803 1289 5868 errrop.
1305 5805 1376 5870 pag.
1396 5781 1473 5852 173.
1498 5779 1771 5872 Supemnmeraria
1793 5784 1826 5851 id
1847 5805 1945 5870 genus
1965 5783 2100 5850 ossicula
2120 5791 2240 5856 essunt
2260 5797 2386 5866 qnoque

768 5896 851 5961 inter
872 5917 941 5960 ossa
963 5899 1054 5964 faciei
1076 5902 1249 5983 humanae,
1273 5901 1322 5966 sic
1343 5923 1439 5966 unum
1461 5903 1669 5967 accessorium
1690 5905 1730 5968 ad
1752 5924 1787 5967 os
1808 5903 1995 5991 lacrymula,
2020 5903 2172 5980 merum,
2194 5901 2291 5966 eidem
2307 5919 2383 5966 eon-

769 6013 956 6092 terminam,
978 6015 1017 6078 ad
1031 6037 1066 6080 os
1081 6019 1351 6103 snpramaaillare,
1376 6039 1473 6105 prope
1486 6017 1606 6084 orbitae
1618 6019 1786 6104 marginem
1801 6020 1912 6101 sitnm,
1928 6021 2094 6105 descripsit
2107 6018 2186 6085 Em.
2199 6017 2384 6094 Rousseou,

766 6132 955 6220 description
977 6128 1052 6196 d'nn
1075 6139 1186 6200 nonrel
1207 6160 1243 6202 os
1263 6139 1353 6203 dcla
1376 6137 1444 6202 lace
1466 6139 1540 6204 cher
1564 6134 1727 6220 lhomme,
1752 6137 1787 6202 in
1808 6135 1964 6202 Annales
1986 6133 2046 6202 des
2067 6137 2189 6202 soienc.
2212 6151 2303 6216 noc,
2328 6155 2384 6217 par

769 6243 816 6312 11.
839 6244 1019 6330 Andanis,
1041 6243 1275 6338 angoiord,
1295 6265 1358 6316 etc.
1382 6251 1479 6318 Tonas
1500 6273 1582 6317 xcrr.
1608 6251 1716 6335 Paria,
1740 6249 1805 6318 Mai
1823 6247 1932 6334 1829,
1954 6271 2025 6337 pag.
2042 6246 2099 6316 86.
2124 6245 2223 6316 Atlas.
2248 6247 2328 6313 tao.
2347 6269 2381 6312 v.

767 6365 819 6450 lp.
847 6363 877 6430 l.

811 6498 868 6594 ('')
891 6497 1068 6584 Mccielii,
1093 6499 1378 6593 Ornithorlrynclri
1397 6507 1566 6592 descriptio
1588 6507 1771 6574 anatomica.
1797 6505 1939 6594 Lipsiae,
1967 6505 2063 6573 1826.
2089 6523 2159 6590 pag.
2185 6501 2240 6567 20.
