5582 7752
1185 918 1239 937 ..
1290 876 1339 956 21
1393 919 1449 938 .-

437 1081 440 1090 '
506 1067 685 1149 mimalia
709 1064 800 1172 jugo
828 1061 987 1200 Qucasi
1016 1085 1137 1167 aeque
1165 1003 1210 1143 ac
1238 1061 1431 1168 sylvaticis
1458 1057 1643 1144 montosis
1671 1059 1872 1167 urnasque
1886 1059 2126 1144 *declivitatis

505 1228 657 1335 vulgata
682 1233 782 1305 sunt.
1500 1347 1504 1355 Ι
1708 1319 1722 1358 ,1

557 1386 604 1466 In
637 1382 810 1464 omnibus
845 1380 951 1462 bisce
984 1380 1137 1463 devexis
1171 1379 1278 1460 calor
1310 1379 1477 1462 aestivus
1504 1378 1690 1460 maximus
1717 1388 1778 1458 est
1804 1389 1846 1459 et
1862 1377 2013 1460 ‘diutins
2039 1405 2128 1486 per-

505 1545 638 1645 durat;
673 1545 754 1651 jam
787 1544 917 1650 itaque
942 1539 1046 1620 lulio
1079 1565 1210 1621 mense
1237 1563 1368 1622 omnes
1396 1541 1550 1646 plantae
1577 1538 1803 1620 flaccescunt
1828 1547 1869 1617 et
1895 1533 2036 1646 ubique
2062 1539 2128 1620 de·

419 1739 425 1756 ·
506 1716 613 1786 serta
639 1703 767 1802 arida,
797 1701 848 1782 ab
874 1702 976 1780 omni
1003 1699 1083 1781 vita
1109 1699 1262 1802 animali
1289 1701 1404 1816 plane
1430 1700 1632 1796 destituta,
1669 1699 1780 1805 longe
1805 1699 1959 1808 lateque
1986 1723 2127 1805 expan-

369 1834 373 1842 Ι
505 1868 665 1970 duntur3
696 1866 783 1947 talis
802 1888 953 1972 quoque
972 1865 1088 1945 ardor
1105 1865 1199 1946 solis
1217 1865 1256 1944 in
1274 1864 1484 1972 Augustum
1501 1875 1542 1946 et
1559 1864 1747 1972 integrum
1766 1863 1846 1946 iere
1866 1863 2129 1972 Septembrem

507 2043 660 2140 regnat,
696 2033 874 2139 viresque
901 2055 1032 2111 omnes
1062 2031 1244 2113 animales
1272 2029 1769 2137 opprimit-exanimatque,
1807 2028 1861 2110 ita
1893 2041 1937 2110 ut
1969 2031 2044 2136 ipsi
2071 2033 2127 2112 in·

504 2197 613 2277 colae
640 2196 784 2278 devera
811 2195 956 2302 lirgiant
982 2205 1206 2303 montesque
1233 2205 1380 2316 petant.
1812 2299 1814 2302 Ι

543 2347 753 2460 ,Βετοίἰοιο
777 2349 868 2455 jugo
896 2349 963 2428 illo
990 2359 1232 2447 transverso,
1263 2350 1365 2455 quod
1391 2349 1492 2430 inter
1509 2346 1651 2430 Phasin
1678 2360 1718 2430 et
1736 2347 1874 2456 Cyrum
1900 2374 2123 2455 expansum,

503 2499 712 2593 Caucasum
738 2483 976 2588 cumlauro
1002 2505 1148 2613 jungit,
1178 2505 1369 2589 convalles
1397 2506 1601 2588 lmeretiae
1627 2509 1828 2591 saltuosae'
1847 2509 2126 2618 immensaeque
2198 2565 2202 2573 .

504 2665 654 2770 sylvae,
692 2691 976 2775 quaquaversus
1003 2676 1205 2762 extensae,
1243 2662 1436 2744 humidum
1466 2665 1606 2772 ubique
1633 2665 1756 2745 solum
1781 2683 1877 2772 prae
1904 2691 1947 2747 se
1977 2664 2123 2765 lerunt,
2262 2701 2271 2720 ·
2413 2742 2417 2752 .

504 2841 620 2920 quum
643 2809 806 2902 ¹arbores
832 2815 1020 2896 continuo·
1042 2817 1162 2896 nubes
1190 2839 1398 2922 omnesque
1426 2815 1526 2926 aeris
1555 2839 1739 2920 vapores,
1777 2807 1828 2895 ob
1854 2815 1967 2896 Ponti
1994 2815 2126 2896 vicini-

504 2977 623 3048 tatem
648 2967 832 3048 collectos
859 2978 900 3047 et
927 2967 987 3048 vel
1014 2967 1070 3047 ad·
1089 2991 1276 3065 summum
1296 2977 1475 3064 evectos,
1506 2965 1724 3064 attrahant,
1755 2965 1891 3073 quibus
1910 2975 2016 3050 terra
2033 2950 2125 3046 nun-

502 3101 625 3236 quam
641 3140 718 3196 non
744 3115 1005 3218 humectatur;
1036 3141 1112 3224 quo
1138 3117 1301 3224 denique
1328 3115 1391 3215 lit,
1422 3128 1465 3197 ut
1482 3117 1669 3223 paludosa
1686 3087 1829 3224 ubique
1846 3117 2121 3223 expandantur,

502 3287 544 3356 et
569 3299 646 3356 non
672 3275 746 3356 nisi
773 3284 881 3356 certo
909 3275 1127 3356 animalium
1154 3275 1304 3380 generi,
1334 3273 1472 3352 Avibus
1499 3285 1613 3379 puta,
1649 3275 1804 3381 sylvosa
1830 3273 2015 3380 paludosa
2040 3275 2125 3356 dili-

391 3465 394 3476 ·
502 3435 698 3542 gentibus,
729 3435 839 3515 sedes
866 3459 1052 3540 perquam
1079 3432 1386 3540 circumscriptas
1414 3405 1590 3513 offerant,

555 3596 646 3702 Ipsa
679 3595 870 3675 maritima
903 3593 1037 3691 Ponti,
1080 3589 1251 3672 Colchidi
1286 3593 1429 3690 vicim,
1467 3619 1521 3674 ex
1553 3563 1712 3674 australi
1753 3595 1866 3702 plaga
1907 3589 2124 3679 innumerae

501 3745 633 3826 Aurum
657 3770 790 3852 greges
817 3745 1016 3842 advolant,
1054 3768 1260 3850 omnesque
1294 3743 1467 3852 regiones
1502 3741 1679 3826 finitimas
1712 3755 1863 3845 tenent3
1900 3757 1946 3826 at.
1974 3747 2124 3853 species

500 3900 575 3998 hae
601 3902 723 3982 minus
754 3902 956 4007 propriae,
993 3901 1122 4007 potius
1150 3901 1191 3980 in
1217 3903 1377 3983 australi
1404 3903 1626 4002 Germania,
1664 3904 1779 3984 Italia
1805 3917 1847 3985 et
1872 3899 1995 3986 Gallia
2029 3908 2124 3988 indi·
2178 3877 2180 3884 ,

499 4087 618 4170 genae
643 4087 730 4146 esse
763 4061 908 4160 soleat,
945 4061 1078 4170 quales
1112 4083 1264 4168 quoque
1298 4061 1437 4168 ubique
1471 4063 1571 4144 citra
1604 4033 1843 4161 Caucasum,¹
1872 4065 1912 4146 in
1944 4068 2120 4167 deveris,

500 4227 601 4310 inter
626 4229 790 4308 Pontum
814 4226 1062 4332 caspiumque
1088 4246 1194 4304 mare
1219 4224 1421 4329 expansis,
1452 4225 1636 4328 reperies.
1670 4247 1674 4254 ·

552 4377 659 4474 Quae
686 4376 834 4456 scilicet
860 4373 977 4468 Aves,
1007 4373 1239 4454 Notatorum
1264 4383 1306 4453 et
1335 4369 1594 4465 Grultotorum
1620 4375 1816 4480 exemplo,
1848 4376 1959 4482 longa
1987 4377 2124 4462 itinera

500 4535 705 4616 instituunt
729 4531 878 4629 hieme,
906 4529 1126 4648 magnisque
1152 4529 1327 4637 gregibus
1355 4529 1403 4612 ad
1430 4551 1561 4610 omnes
1589 4555 1678 4610 oras
1706 4531 1878 4636 caspias,
1910 4533 2124 4618 occidenta-

501 4701 576 4780 lem
593 4699 800 4806 praecipue
817 4708 857 4780 et
876 4694 1228 4802 septentrionalem,
1252 4696 1450 4792 advolant,
1471 4695 1603 4776 lluvios
1623 4693 1763 4777 ibidem
1780 4697 1949 4802 majores
1968 4700 2124 4783 adscen-

499 4851 611 4964 dunt,
655 4861 721 4934 aut
756 4833 810 4932 ¹a‘d
842 4851 946 4932 lacus
980 4849 1208 4956 conspicuos
1242 4859 1539 4956 congregantur,
1582 4873 1629 4936 ac
1668 4848 1803 4932 dehinc
1844 4853 2122 4939 mediterranea

500 5002 662 5100 sensim,
698 5001 945 5108 utplurimum
979 5013 1105 5084 tamen
1138 4997 1240 5083 haud
1272 5003 1406 5107 procul
1441 5003 1492 5082 ab
1527 5002 1710 5086 amnibus:
1727 5003 1823 5105 sita,
1861 5003 2116 5116 frequentant.

499 5156 671 5242 Maxima
698 5155 828 5262 itaque
853 5181 945 5261 pars
972 5156 1123 5254 Avium,
1160 5157 1262 5240 ultra
1294 5169 1334 5238 et
1367 5157 1466 5240 citra
1492 5131 1702 5240 Caucasum
1728 5159 1946 5262 obviorum,
1982 5165 2121 5272 migra·
2249 5241 2255 5255 Χ

501 5315 646 5396 terium·
670 5337 787 5422 genus
814 5326 895 5412 est,
933 5315 1036 5423 quod
1069 5317 1251 5399 redeunte
1286 5343 1397 5417 rere,
1434 5331 1475 5401 et
1502 5331 1707 5403 auctumno
1734 5323 1972 5425 imminente,
2009 5329 2119 5408 sedes
2277 5337 2280 5344 ’

369 5471 378 5502 ’
499 5487 642 5575 mutat,
672 5475 844 5584 aliasque
871 5475 1107 5584 longinquas,
1121 5478 1240 5584 petit:
1271 5479 1440 5562 rariores
1467 5482 1567 5566 aliae
1594 5485 1829 5606 statatoriae'¹
1848 5509 1923 5568 non
1940 5487 2115 5594 migrant.

551 5637 741 5722 advolant
764 5637 803 5723 id
825 5638 1057 5751 gebusaeos
1082 5639 1223 5722 insulas
1238 5665 1394 5750 quoque
1413 5643 1601 5750 ignobiles
1614 5646 1784 5752 caspias,
1805 5645 1958 5752 magnis
1976 5647 2119 5754 passim

497 5800 695 5905 gregibus,
733 5797 846 5906 inque
880 5799 926 5882 iis
960 5761 1063 5884 stato
1091 5813 1264 5908 tempore
1291 5827 1364 5884 ova
1389 5804 1549 5902 coibant,
1586 5807 1789 5912 pullosque
1821 5805 2038 5905 enutriunt,
2074 5834 2119 5888 ac

480 5947 584 6040 'dein
618 5985 705 6040 cum
740 5961 874 6044 iisdem
908 5963 947 6049 tn
982 5974 1154 6046 austrum
1186 5975 1397 6070 permeant.
1437 5962 1611 6052 Lacubus
1645 5965 1828 6071 denique,
1866 5991 1962 6072 quos
1996 5965 2114 6062 Aves,

497 6113 592 6194 dum
612 6112 795 6220 migrant,
831 6125 966 6220 petere
999 6117 1145 6215 solent,
1182 6118 1405 6198 adnumeres
1439 6141 1591 6224 quoquc
1624 6118 1701 6198 alte
1719 6111 1850 6198 'situm
1880 6105 2116 6228 excelsisque

496 6277 687 6400 montibus
724 6254 908 6404 inclusum
943 6277 1174 6378 Goktschai,
1217 6256 1379 6362 confinio
1416 6249 1576 6390 persico⁴
1608 6282 1790 6380 vicinum,
1833 6285 1936 6383 ultra
1976 6254 2117 6392 quem

498 6437 694 6528 meridiem
728 6461 878 6534 versus,
918 6422 1152 6521 solitudines
1173 6467 1356 6524 arenosae
1390 6443 1499 6549 longe
1535 6443 1686 6550 lateque
1702 6444 1999 6550 expanduntur:
2037 6443 2116 6546 jam

604 6593 777 6651 Ercmno
795 6593 883 6651 raus.
903 6611 981 6671 casp.
1002 6613 1079 6652 caue.
1957 6601 1975 6652 d
